2606 3551
1274 271 1300 313 8

309 404 343 430 c.
364 403 520 441 xxxw,
542 392 593 432 35
623 407 713 432 cum
744 394 960 433 testimonia
989 407 1138 447 quoque
1157 396 1201 434 in
1220 396 1380 435 iudiciis
1404 396 1574 448 publicis
1603 409 1682 435 non
1702 395 1876 435 absentes
1904 409 1973 436 nec
1995 410 2070 450 per
2091 397 2275 438 tabellam

310 461 408 500 dare
436 462 504 501 sed
532 475 664 502 coram
691 469 729 502 et
750 471 975 516 praesentes
995 465 1119 504 dicere
1144 473 1392 518 coyerentur3
1424 479 1458 505 c.
1480 477 1584 515 xxv,
1606 467 1657 505 33
1687 466 1859 504 arbitror
1878 467 2050 505 Brutum
2079 481 2159 506 non
2187 482 2273 506 ma-

311 533 491 586 ltynitate
519 547 588 573 nec
614 535 767 574 invidia
797 536 865 574 sed
882 536 1108 589 simpliciter
1125 544 1162 575 et
1187 538 1354 590 inqenue
1381 539 1574 576 iudicium
1603 539 1730 576 animi
1750 540 1816 576 sui
1832 539 2025 576 detexisse.
2071 538 2140 577 Ad
2168 538 2277 578 hunc

311 605 436 657 igitur
456 606 621 644 modurn
643 606 839 646 librorum
860 606 1021 646 indiciis
1043 608 1132 660 ipso
1155 609 1404 662 suffragante
1416 610 1560 648 Tacito
1577 609 1747 649 velimus
1767 609 1837 648 illo
1858 623 2020 660 quoque
2040 609 2132 649 loco
2154 610 2278 650 scribi

309 677 389 727 ipsi
409 685 597 728 parentes
626 691 703 717 non
727 678 923 730 probitati
950 693 1073 731 neque
1093 681 1299 720 modestiae
1322 681 1513 733 parvulos
1533 679 1800 730 assuefaciunt
1818 680 1885 719 sed
1911 681 2093 720 lasciviae
2112 687 2148 719 et
2168 680 2277 720 dica-

309 747 433 786 citati.
482 747 639 787 Iniuria
667 753 859 801 putamus
890 749 1217 803 apographorum
1252 765 1381 804 paene
1411 750 1626 790 consensui
1655 764 1737 789 non
1767 751 2068 803 obtemperasse
2099 750 2277 790 editores

312 819 444 871 capite
465 831 604 870 xxxv,
630 822 680 859 17
711 835 846 874 nempe
876 823 979 860 enim
1009 823 1087 861 duo
1113 836 1256 875 yenera
1287 825 1545 862 materiarum
1572 823 1686 875 apud
1712 823 1887 861 rhetoras
1918 829 2153 870 tractantur,
2184 837 2277 861 sua-

311 892 438 929 soriae
473 898 510 930 et
545 894 838 931 controversiae.
898 906 944 931 ex
979 894 1037 932 his
1074 896 1276 932 suasoriae
1312 895 1469 947 quidem
1506 901 1706 946 tamquam
1739 895 1863 946 plane
1899 895 2053 933 leviores
2082 901 2120 932 et
2145 895 2276 932 minus

306 963 547 1015 prudentiae
576 965 767 1017 exiqentes
790 965 930 1017 pueris
950 964 1193 1017 deleqantur,
1224 958 1503 1005 controversiae
1529 964 1810 1004 robustioribus
1829 966 2109 1018 adsiynantur‚
2139 966 2277 1018 quales

306 1035 515 1087 perfidem
535 1043 571 1074 et
589 1050 710 1088 quam
728 1036 1010 1075 incredibiliter
1024 1038 1264 1088 compositae.
1306 1035 1375 1077 Sic
1395 1037 1500 1075 enim
1522 1037 1621 1076 haee
1643 1036 1816 1076 eduntur
1835 1037 1886 1077 ab
1908 1036 2106 1076 omnibus.
2146 1038 2275 1089 Atqui

310 1106 582 1159 praecedente
611 1108 768 1161 quidem
800 1106 1002 1160 particula
1030 1107 1071 1145 in
1102 1107 1228 1147 altera
1256 1112 1371 1160 parte
1403 1108 1596 1147 orationis
1625 1115 1756 1147 autem
1785 1107 2015 1147 desiderare
2044 1107 2176 1160 possit
2204 1108 2274 1159 qui

310 1191 463 1216 morem
483 1178 614 1216 Taciti
635 1177 865 1227 attenderit,
896 1179 964 1229 qui
986 1178 1041 1216 ita
1062 1179 1202 1217 scribit
1223 1192 1256 1216 c.
1274 1191 1399 1228 xvuI,
1416 1181 1466 1217 27
1492 1180 1656 1218 Calvum
1683 1181 1838 1231 quidem
1862 1180 2040 1219 Ciceroni
2066 1181 2192 1217 visum
2211 1194 2274 1218 ea·-

309 1263 498 1302 sanquem
527 1257 563 1288 et
589 1251 770 1299 aridum,
810 1250 982 1289 Brutum
1011 1257 1142 1289 autem
1176 1252 1340 1289 otiosum
1375 1258 1493 1303 atque
1522 1252 1761 1300 diiunctum,
1803 1265 2018 1304 rursusque
2051 1250 2272 1291 Ciceronem

308 1337 333 1359 a
358 1321 478 1360 Calvo
508 1322 665 1373 quidem
695 1321 797 1360 male
825 1322 982 1359 audisse
1004 1329 1205 1374 tamquam
1235 1323 1403 1361 solutum
1433 1330 1469 1361 et
1492 1336 1676 1371 enervem,
1708 1338 1733 1361 a
1757 1323 1881 1361 Bruto
1911 1330 2041 1362 autem
2071 1329 2273 1375 tamquam

299 1391 480 1442 fractum
509 1398 627 1446 atque
655 1391 861 1439 elumbem3
901 1397 940 1430 et
969 1392 1131 1445 saepius
1163 1392 1364 1443 similiter,
1402 1407 1436 1431 e.
1458 1404 1550 1443 vm,
1578 1394 1630 1431 26
1666 1400 1703 1431 et
1734 1400 1874 1432 ceteros
1901 1394 2058 1446 quidem
2089 1422 2098 1431 .
2117 1422 2126 1431 .
2158 1394 2270 1432 Mar-

310 1465 449 1504 cellum
479 1470 626 1511 autem,-
656 1477 688 1502 c.
707 1475 813 1513 xxv,
833 1464 881 1502 16
907 1463 1036 1504 Cicero
1057 1465 1214 1516 quidem
1236 1493 1244 1502 .
1263 1494 1271 1503 .
1291 1494 1299 1503 .
1326 1465 1470 1504 Calvus
1489 1471 1632 1503 autem.
1680 1464 1763 1504 Sed
1793 1478 1880 1503 eam
1909 1465 2148 1516 particulam
2170 1479 2271 1516 quo-

310 1536 444 1576 minus
474 1535 704 1575 addendam
733 1549 906 1585 reamur,
937 1535 1122 1574 eodicum
1153 1535 1319 1574 indiculi
1341 1537 1528 1585 retinent,
1559 1550 1730 1587 quorum
1746 1535 1972 1576 Vaticanus
1994 1542 2035 1575 et
2055 1535 2271 1576 Leidensis

311 1610 410 1660 quid
438 1616 476 1645 et
502 1610 556 1656 si,
593 1608 870 1646 Farnesianus
907 1613 1041 1645 autem
1077 1609 1233 1660 quidem
1262 1610 1333 1646 etsi
1364 1608 1565 1646 exhibent.
1625 1607 1789 1658 Ecquid
1819 1607 2051 1647 dubitamus
2082 1613 2271 1648 testatam

311 1680 551 1732 scripturam
583 1678 689 1729 hanc
720 1693 809 1719 esse
847 1693 893 1718 ea:
921 1679 979 1717 his
1013 1680 1212 1718 suasoriae
1247 1679 1403 1732 quidem
1439 1680 1509 1718 etsi
1547 1679 1686 1732 (quide
1712 1686 1748 1719 et
1778 1680 1829 1731 st)
1863 1680 1999 1733 pueris
2029 1679 2271 1732 deleqantur‚

307 1752 587 1790 controversiae
614 1749 897 1789 robustioribus
916 1751 1196 1802 adsiynantur.
1244 1750 1376 1800 Quam
1398 1751 1466 1801 qui
1489 1764 1562 1788 suo
1584 1750 1781 1789 arbitratu
1802 1750 2021 1802 reliquerit,
2050 1751 2169 1790 nobis
2190 1765 2271 1790 non

309 1823 510 1874 profuisse
547 1821 620 1860 sed
657 1821 837 1860 obfuisse
877 1822 1100 1860 sententiae
1131 1821 1302 1860 videtur.
1362 1822 1469 1860 Nam
1508 1822 1664 1873 quidem
1701 1822 1741 1860 in
1779 1821 1857 1860 hac
1893 1836 2053 1873 quoque
2088 1823 2270 1861 oratione

307 1893 443 1932 locum
473 1898 611 1932 tuetur
630 1907 762 1942 suum,
791 1892 960 1931 Tacitus
992 1897 1125 1931 autem
1156 1892 1288 1931 noluit
1318 1892 1522 1931 suasorias
1554 1898 1593 1931 et
1613 1892 1908 1932 controversias
1937 1893 2026 1945 pari
2055 1893 2152 1945 iugo
2173 1906 2271 1932 con-

307 1965 488 2016 iungere,
519 1964 591 2003 sed
622 1964 700 2003 hoc
730 1963 844 2013 dicit,
874 1964 914 2002 in
936 1964 1129 2003 suasoriis
1160 1963 1325 2014 quidem
1356 1964 1431 2003 etsi
1461 1964 1593 2003 minus
1614 1963 1805 2002 damnum
1827 1964 1893 2013 sit,
1922 1964 2017 2015 quia
2046 1964 2270 2004 minoribus

306 2037 592 2086 attribuantur,
623 2035 917 2075 controversias
945 2034 1037 2087 plus
1067 2049 1215 2075 nocere
1244 2034 1285 2075 in
1308 2034 1453 2086 quibus
1484 2034 1758 2075 robustiorum
1787 2034 1951 2088 ingenia
1970 2034 2272 2075 contundantur

308 2113 347 2146 et
376 2107 612 2147 hebescant.
670 2105 873 2145 Addimus
903 2106 982 2145 alia
1012 2106 1160 2158 quibus
1191 2121 1293 2157 quae
1325 2120 1421 2145 vera
1457 2112 1553 2145 sunt
1588 2106 1763 2145 fastidiri
1793 2105 1976 2146 videmus
2006 2120 2087 2145 non
2116 2107 2268 2146 maiore

306 2178 391 2217 iure
422 2177 494 2217 sed
522 2192 613 2218 cum
634 2176 879 2217 detrimento
910 2178 1108 2216 orationis
1138 2191 1220 2216 non
1250 2177 1416 2216 minore.
1463 2177 1608 2229 Capite
1629 2188 1817 2226 xxxvln,
1839 2179 1886 2216 21
1912 2177 2137 2217 editoribus
2167 2177 2269 2216 haec

306 2249 567 2302 placuerunt:
600 2273 650 2279 —
677 2272 726 2278 —-
758 2250 923 2302 eoeceptis
951 2249 1196 2288 orationibus
1216 2249 1353 2287 Asinii
1379 2263 1481 2301 quae
1503 2262 1578 2301 pro
1608 2249 1807 2287 heredibus
1835 2248 2020 2288 Urbiniae
2048 2249 2268 2288 inscribun-

309 2328 385 2370 tur,
415 2321 466 2360 ab
495 2323 577 2374 ipso
609 2328 738 2360 tamen
768 2321 948 2360 Pollione
974 2322 1112 2360 mediis
1142 2322 1225 2359 divi
1253 2321 1429 2372 Auqusti
1458 2320 1689 2372 temporibus
1717 2320 1881 2369 habitae,
1911 2328 2121 2373 postquam
2152 2321 2267 2373 lonqa

308 2401 522 2444 temporum
551 2395 660 2444 quies
688 2400 725 2431 et
752 2393 981 2432 continuum
1004 2393 1148 2444 populi
1175 2393 1299 2431 otium
1328 2399 1363 2431 et
1391 2392 1553 2431 assidua
1580 2398 1736 2430 senatus
1757 2392 2028 2445 tranquillitas
2047 2399 2083 2432 et
2101 2393 2269 2432 maxime

299 2465 499 2517 principis
529 2464 740 2517 disciplina
769 2464 898 2516 ipsam
927 2477 1078 2517 quoque
1106 2463 1365 2516 eloquentiam
1394 2464 1495 2502 sicut
1522 2463 1654 2502 omnia
1682 2463 1764 2502 alia
1792 2469 2021 2515 pacaverat.
2081 2462 2194 2502 Nihil
2224 2463 2267 2501 in

306 2534 370 2574 his
400 2548 647 2588 magnopere
678 2534 1028 2587 reprehendimus3
1059 2548 1304 2586 quamquam
1327 2534 1574 2583 dubitamus,
1604 2548 1724 2586 quam
1753 2540 1863 2573 recte
1892 2536 2062 2573 maxime
2086 2535 2136 2573 de
2157 2534 2267 2572 Haa-

306 2606 354 2645 sii
385 2606 620 2645 coniectura
649 2606 690 2644 in
710 2611 826 2644 textu
856 2606 1034 2658 positum
1056 2606 1117 2645 sit.
1166 2605 1270 2645 Cum
1293 2605 1398 2644 enim
1428 2605 1519 2645 libri
1543 2605 1600 2644 ita
1620 2604 1831 2645 discedant
1859 2610 1905 2644 ut
1920 2605 2144 2645 Vaticanus
2175 2619 2267 2644 cum

304 2677 503 2717 Leidensi
531 2679 726 2727 maa-ima,
761 2677 1038 2718 Famesiauus
1069 2683 1203 2717 autem
1234 2691 1325 2716 cum
1356 2677 1439 2716 suis
1471 2676 1636 2726 asseclis
1666 2678 1831 2716 maximi
1859 2676 2101 2730 praebeant,
2139 2676 2266 2716 ambi-

306 2763 402 2801 gere
439 2748 603 2800 quidem
639 2749 753 2787 licuit
791 2754 924 2788 utram
961 2749 1104 2788 harum
1142 2748 1382 2801 scripturam
1420 2747 1667 2799 praeferres,
1704 2763 1797 2787 nam
1827 2753 1999 2799 utraque
2029 2747 2153 2787 habet
2182 2761 2263 2799 quo

305 2818 625 2869 commendetur,
662 2821 838 2858 maxima
867 2834 917 2859 ne
947 2820 1159 2872 disciplina
1190 2819 1279 2857 sola
1310 2823 1445 2857 careat
1475 2818 1672 2869 epitheto,
1711 2820 1877 2857 maximi
1904 2823 2038 2857 autem
2068 2819 2266 2870 principis

304 2890 427 2930 scribi
457 2891 593 2942 potuit
621 2896 667 2929 ut
697 2895 759 2930 est
787 2889 898 2942 apud
919 2890 1120 2930 Senecam
1150 2889 1201 2929 ad
1220 2889 1437 2941 Polybium
1459 2890 1497 2939 (3,
1520 2890 1543 2928 5
1572 2890 1685 2940 (277,
1709 2891 1759 2928 14
1779 2889 1854 2941 K.)
1879 2889 2076 2942 principis
2103 2889 2269 2928 mamimi

303 2963 437 3001 animo
472 2961 629 3011 subiici,
669 2960 743 3001 sed
780 2962 900 3001 tertia
936 2966 1097 3015 praeter
1125 2961 1215 3001 illas
1252 2959 1363 3012 quod
1397 2959 1650 3000 coniiciendo
1688 2960 1920 2999 efficeretur
1947 2959 2046 2998 nihil
2081 2964 2188 3009 erat,
2226 2963 2267 2996 et

304 3034 409 3074 ratio
445 3033 556 3074 iubet
592 3034 634 3073 in
669 3048 712 3073 re
749 3033 942 3087 ambigua
978 3033 1135 3074 meliori
1166 3032 1396 3072 auctoritati
1429 3031 1595 3082 cedere,
1632 3046 1753 3084 quam
1790 3033 1829 3071 in
1868 3031 1948 3071 hoe
1978 3031 2116 3071 libello
2147 3044 2265 3069 nemo
