2606 3551
1258 258 1314 301 14

301 382 658 435 praepositionem,
688 382 745 423 ibi
774 382 844 423 ubi
873 382 1062 423 facillime
1092 382 1245 437 negligi
1276 397 1299 422 a
1327 382 1501 423 librariis
1536 381 1688 435 potuit3
1724 386 1934 435 praeterea
1961 380 2061 421 nihil
2090 379 2262 421 mutavi-

301 467 390 493 mus
421 459 461 493 et
490 459 681 506 putamus
712 453 790 493 hac
819 467 901 493 una
921 468 1019 493 voce
1050 453 1189 493 addita
1219 454 1325 494 hanc
1354 453 1517 506 quidem
1547 453 1802 502 sententiam,
1831 453 1872 491 in
1897 466 1977 504 qua
2006 453 2134 492 multa
2163 453 2261 492 satis

298 525 470 563 licenter
498 531 752 576 temptarunt
782 526 928 574 critici,
957 525 1073 563 reddi
1104 526 1317 577 integram.
1364 525 1556 563 Ceterum
1585 525 1692 563 hunc
1722 538 1884 574 quoque
1913 525 2048 563 locum
2076 525 2262 575 graviore

300 595 463 634 defectu
501 601 542 634 et
576 595 647 634 illa.
683 595 848 647 quidem
886 603 1002 648 parte
1037 611 1119 648 qua
1154 602 1292 635 notam
1330 597 1539 647 posuimus
1575 595 1759 634 laborare
1793 595 2049 634 manifestum
2079 593 2260 634 videtur:

299 666 412 719 prior
441 667 643 707 sententia
679 673 791 707 caret
826 667 906 706 fine
942 681 1007 707 nec
1044 682 1167 707 unum
1204 669 1250 707 de
1282 668 1449 722 populo3
1486 671 1671 706 truncata
1702 667 1835 719 capite
1866 671 1928 705 est
1958 666 2083 705 altera
2114 665 2265 706 Canuti

298 746 374 777 aut
401 740 491 777 Atti
518 740 565 778 de
593 739 747 778 Furnio
777 747 814 778 ec
848 739 1040 787 Tot-anim
1071 741 1111 778 in
1141 740 1218 779 hac
1248 745 1384 779 autem
1414 739 1594 779 ostendit
1622 740 1712 790 ipsa
1740 739 1934 778 orationis
1963 738 2093 777 forma
2122 737 2171 778 de
2201 738 2261 777 iu-

301 810 418 849 diciis
456 811 523 863 agi
560 810 711 850 Canuti
749 817 819 850 aut
849 812 939 850 Atti
977 811 1027 850 de
1065 811 1219 851 Furnio
1259 818 1299 851 et
1327 812 1526 860 Torani03
1564 811 1712 862 quibus
1746 810 1982 850 nominatim
2019 810 2152 849 allatis
2189 808 2261 849 ad-

300 887 518 920 nectuntur
547 882 735 921 universe
767 882 999 934 quicunque
1038 882 1139 921 alios
1170 882 1209 920 in
1241 882 1383 921 eodem
1414 881 1707 921 valetudinario
1737 881 1776 920 h.
1802 896 1835 921 e.
1868 881 1969 920 alios
1998 880 2142 920 iisdem
2172 881 2260 932 qui-

299 952 377 992 bus
407 953 486 1005 ipsi
516 953 625 992 vitiis
656 953 851 992 orationis
882 959 1140 1006 aegrotantes
1180 953 1232 992 ob
1271 953 1372 992 haec
1401 954 1499 992 vitia
1532 953 1719 1005 probant.
1777 953 1915 1004 Atque
1952 952 2053 992 haec
2082 951 2261 1004 quidem,

300 1038 404 1075 quae
442 1024 564 1077 longe
602 1023 818 1063 discedunt
856 1024 906 1063 ab
945 1025 993 1063 iis
1032 1024 1257 1064 rationibus
1294 1039 1395 1076 quas
1435 1024 1555 1064 hodie
1594 1024 1776 1076 plerique
1806 1022 2056 1076 Nipperdeio
2086 1023 2259 1063 maxime

300 1094 404 1134 duce
441 1101 480 1134 et
516 1101 683 1134 auctore
719 1101 964 1147 sequuntur,
1001 1096 1100 1135 satis
1138 1095 1403 1147 probabiliter
1432 1096 1555 1135 statui
1586 1095 1789 1134 videntur:
1829 1094 1879 1133 de
1911 1094 2111 1147 explendo
2146 1095 2261 1134 hiatu

299 1179 372 1217 pro
402 1166 457 1204 rei
490 1171 635 1204 natura
663 1166 856 1204 incertior
881 1179 945 1205 res
972 1171 1053 1213 est3
1085 1172 1219 1204 tamen
1251 1171 1497 1218 temptamus
1526 1180 1593 1206 nec
1623 1180 1746 1205 unum
1775 1166 1821 1205 de
1843 1166 1990 1218 populo
2023 1165 2259 1218 [proferamz

299 1251 431 1287 neque
468 1237 615 1275 imitari
653 1236 804 1275 iudicia
833 1237 943 1289 volo]
980 1238 1128 1276 Canuti
1154 1245 1228 1276 auc
1256 1237 1345 1276 Atti
1371 1239 1418 1276 de
1446 1237 1600 1276 Furnio
1637 1245 1674 1276 et
1707 1237 1878 1276 Toranio
1914 1238 2056 1289 quique
2084 1237 2183 1276 alios
2216 1238 2260 1275 in

298 1309 428 1346 eodem
458 1309 745 1346 valetudinario
778 1308 866 1360 [ob]
905 1309 997 1347 haec
1027 1323 1112 1347 ossa
1143 1316 1179 1347 et
1208 1309 1309 1347 lianc
1338 1310 1499 1347 maciem
1530 1309 1717 1360 probant.
1777 1308 1842 1348 De
1873 1308 2102 1348 oratoribus
2131 1307 2259 1347 nomi-

297 1379 404 1418 natis
434 1378 535 1418 nihil
565 1377 757 1427 dicimus3
787 1378 838 1418 de
860 1378 1007 1431 quibus
1038 1393 1141 1431 quae
1172 1379 1263 1419 sciri
1294 1384 1469 1432 possunt
1498 1379 1564 1418 alii
1594 1379 1848 1433 collegerunt
1877 1384 1918 1419 et
1946 1379 1987 1418 in
2017 1379 2066 1418 iis
2096 1377 2259 1430 quidem

299 1464 403 1502 quae
435 1456 625 1490 constant
662 1451 763 1490 nihil
801 1457 864 1490 est
899 1450 1008 1502 quod
1039 1450 1277 1490 adversetur
1306 1451 1506 1504 opinioni,
1543 1465 1664 1502 quam
1695 1450 1746 1490 de
1776 1451 2001 1490 sententiae
2033 1450 2260 1489 conforma-

297 1522 408 1560 tione
439 1536 520 1560 non
552 1536 601 1561 ex
631 1522 746 1561 vanis
777 1522 1014 1561 ratiunculis
1045 1522 1118 1561 sed
1149 1536 1197 1561 ex
1227 1522 1421 1561 librorum
1453 1524 1645 1561 memoria
1675 1523 1948 1574 concepimus.

490 1591 575 1632 Sed
604 1593 683 1631 iam
713 1592 936 1632 desinimus
967 1607 1042 1631 nec
1073 1607 1166 1642 vos,
1207 1593 1514 1632 commilitones
1545 1593 1764 1643 carissimi,
1802 1608 1973 1645 quorum
2004 1592 2104 1631 haec
2135 1606 2259 1632 causa

297 1664 549 1717 scripsimus,
580 1663 732 1704 diutius
760 1664 1008 1704 morabimur
1029 1665 1244 1717 quominus
1268 1680 1291 1704 a
1311 1665 1518 1704 minutulis
1548 1664 1879 1705 adnotationibus
1907 1664 2126 1717 philologis
2147 1679 2258 1703 men-

296 1741 380 1774 tem
411 1735 633 1775 advertatis
665 1735 715 1774 ad
743 1735 870 1788 dapes
891 1736 1081 1788 opiparas
1109 1737 1398 1787 exquisitarum
1427 1736 1702 1775 doctrinarum
1732 1751 1832 1788 quas
1862 1736 2011 1775 tabulis
2040 1736 2257 1775 lectionum

296 1806 443 1845 videt-is
475 1807 694 1859 expositas.

489 1894 577 1936 Scr.
609 1910 660 1934 m.
684 1894 858 1935 Octobri
889 1911 923 1934 a.
947 1894 1342 1935 MDCCCLXXX.
