2606 3551
1287 262 1338 301 ll

334 385 571 428 sermonibus
597 383 713 437 fimi.
754 382 855 439 [Sed
892 383 1120 438 respondeo
1151 397 1198 423 eo
1230 384 1394 439 gravius
1424 384 1692 424 recitantibus
1723 384 1948 437 periculum
1980 385 2142 439 afferri]
2188 386 2294 424 Tolle

333 459 458 511 iqitur
476 458 616 510 quietis
645 463 681 495 et
708 457 926 495 securitatis
955 458 1238 495 excusationem
1267 471 1356 495 cum
1387 458 1457 494 tibi
1483 470 1616 495 sumas
1636 459 1905 495 adversarium
1925 461 2173 510 superiorem.
2221 459 2291 498 Sic

335 535 459 579 certe,
489 528 636 567 additis
658 528 791 567 verbis
821 529 888 566 sed
916 528 1122 580 respondeo
1143 542 1183 567 eo
1205 529 1370 581 yravius
1389 528 1641 568 recitantibus
1664 528 1888 580 periculum
1908 527 2052 579 afferri,
2084 544 2187 581 quac
2210 544 2289 581 quo

334 615 439 641 casuv
467 598 708 639 intercidere
745 599 950 651 potuerint
985 599 1186 639 neminem
1223 599 1348 653 fugit,
1387 600 1680 640 sententiarum
1717 605 1833 640 tenor
1862 600 2073 641 commode
2102 600 2289 641 reficitur.

333 673 471 725 Atque
492 670 571 711 hoc
586 670 706 724 plane
727 670 1000 711 necessarium
1021 670 1205 711 ducimus
1226 676 1426 711 oratorem
1448 671 1500 711 ad
1521 685 1569 711 ea
1589 685 1692 724 quae
1713 671 1802 724 ipse
1824 672 1900 712 sibi
1922 672 2041 712 obiici
2059 686 2180 725 posse
2196 687 2291 726 pro-

330 745 463 784 fessus
485 748 547 783 est
567 742 825 795 respondere.
864 742 1105 795 Exemplum
1127 748 1261 782 autem
1283 742 1443 783 Seneca
1463 743 1576 782 dedit
1595 744 1651 781 ita
1673 743 1810 782 dicens
1832 745 1873 782 in
1895 745 2075 796 epistolis
2093 757 2167 794 vn,
2182 746 2220 794 4,
2240 746 2289 783 17

333 815 422 854 Scio
450 816 549 867 quid
576 815 674 852 mihi
700 815 927 866 responderi
953 815 1019 852 hoc
1042 815 1121 853 loco
1143 816 1271 866 possit
1298 813 1380 854 ‘hoc
1403 815 1513 853 nobis
1536 815 1775 866 persuadere
1795 817 1950 854 conaris
1980 817 2080 854 nihil
2108 817 2288 854 interesse

332 893 465 925 utrum
493 887 640 939 aliquis
674 887 718 924 in
751 886 900 937 qaudio
930 887 982 925 sit
1008 900 1064 924 an
1100 887 1144 924 in
1173 886 1299 924 eculeo
1327 888 1457 925 iaceat
1492 900 1538 924 ac
1570 893 1748 924 tortorem
1774 900 1891 924 suum
1923 887 2065 925 lasset'.
2105 887 2289 925 Poteram

329 958 557 1010 respondere
583 957 794 1009 ‘Epicurus
830 971 980 1010 quoque
1017 959 1077 996 ait
1104 958 1315 1009 sapie-ntem
1355 959 1390 996 si
1424 959 1467 995 in
1496 958 1731 996 Phalaridis
1768 965 1880 996 tauro
1912 965 2130 1009 peruratur
2159 959 2287 997 excla-

329 1037 531 1068 maturum
559 1030 699 1076 „dulce
736 1037 791 1068 est
826 1037 863 1067 et
897 1030 953 1067 ad
987 1043 1045 1067 me
1081 1030 1140 1068 nil
1169 1030 1378 1081 pertinet‘ss
1423 1027 1529 1077 Quid
1557 1030 1717 1068 miraris
1756 1030 1791 1068 si
1826 1043 1891 1081 (ῃο
1921 1030 2043 1081 paria
2074 1029 2171 1069 bona
2203 1030 2287 1069 dico

330 1101 449 1141 unius
475 1101 518 1140 in
547 1099 717 1140 convivio
746 1100 920 1150 iacentis,
950 1099 1114 1140 alterius
1143 1100 1245 1140 inter
1276 1106 1462 1140 tormenta
1483 1098 1699 1150 fortissime
1728 1101 1882 1149 stantis,
1914 1114 2000 1139 cum
2030 1101 2136 1153 quod
2166 1102 2287 1140 incre-

330 1172 491 1211 dibilius
520 1178 577 1210 est
604 1172 712 1210 dicat
728 1171 926 1223 Epicurus
957 1172 1066 1210 dulce
1095 1185 1171 1209 esse
1203 1171 1367 1210 torreri’.
1418 1172 1497 1211 Sed
1527 1173 1595 1209 ltoc
1624 1173 1830 1223 respondeo
1853 1173 2077 1223 plurimum
2107 1174 2286 1211 interesse

327 1246 429 1283 inter
453 1244 648 1296 glaudium
677 1250 714 1281 et
741 1243 919 1281 dolorem.
980 1242 1226 1295 Scripsimus
1257 1245 1405 1283 torreri.
1438 1244 1514 1292 sed,
1548 1257 1638 1281 cum
1669 1243 1709 1281 iu
1739 1243 1852 1282 libris
1883 1243 1935 1282 sit
1967 1245 2122 1282 terroris
2152 1252 2204 1293 et,
2244 1251 2284 1282 ct

330 1317 470 1355 torreri
497 1314 660 1368 quidem
687 1314 765 1353 iam
786 1313 964 1353 Haasius
995 1314 1184 1364 restituit,
1213 1314 1376 1366 reliquit
1405 1322 1452 1364 et,
1483 1314 1594 1366 quod
1623 1314 1717 1353 ferri
1747 1328 1828 1353 non
1858 1320 2015 1367 potcst3
2047 1330 2139 1354 nam
2161 1316 2285 1355 verba

328 1388 386 1427 ita
415 1387 654 1427 cohaerent:
684 1393 865 1438 poteram
895 1387 1120 1438 respondere
1150 1418 1158 1425 .
1177 1417 1186 1425 .
1217 1388 1284 1426 sed
1311 1388 1531 1439 respondeo.

518 1457 602 1500 Sed
631 1456 881 1497 redeundum
912 1462 975 1497 est
1003 1457 1045 1496 in
1075 1457 1193 1497 viam.
1239 1455 1383 1510 Capite
1409 1468 1569 1507 xxxm,
1591 1457 1644 1497 28
1675 1456 1774 1496 haec
1805 1458 2015 1510 leguntur:
2049 1458 2127 1497 Sed
2156 1460 2191 1497 si
2220 1461 2287 1498 cui

325 1531 547 1571 obscuriora
577 1530 667 1570 liaec
696 1529 879 1568 videntur
897 1530 1006 1582 isque
1034 1530 1235 1568 scientiam
1265 1529 1312 1568 ab
1336 1530 1604 1568 exercitatione
1632 1536 1800 1582 separat,
1831 1530 1940 1568 istud
1967 1537 2064 1568 certe
2093 1532 2281 1580 concedet,

325 1604 560 1641 instructum
589 1609 626 1640 et
648 1602 810 1654 plenum
838 1602 897 1639 his
924 1601 1075 1639 artibus
1105 1602 1284 1640 animum
1315 1602 1423 1653 lonqe
1444 1603 1690 1653 paratiorem
1720 1602 1774 1639 ad
1801 1615 1865 1640 eas
1887 1604 2173 1641 exercitationes
2196 1617 2282 1641 sen-

328 1681 460 1713 turum
488 1687 589 1727 quae
621 1673 808 1726 propriae
842 1686 918 1711 esse
946 1679 1145 1712 oratorum
1174 1672 1364 1712 videntur.
1424 1670 1494 1712 Sic
1524 1671 1700 1711 editores
1730 1671 1861 1724 Lipsii
1893 1672 2125 1712 coniectura
2156 1688 2282 1726 para-

327 1746 459 1785 tiorem
489 1749 661 1796 recepta.
709 1742 824 1794 Quae
854 1757 974 1795 quam
1003 1757 1099 1782 vera
1127 1743 1179 1782 sit
1210 1748 1280 1785 aut
1307 1743 1531 1796 probabilis
1562 1742 1856 1782 dubitationem
1887 1743 2069 1782 iniiciunt
2102 1759 2148 1783 ca
2178 1759 2280 1796 quac

326 1830 375 1856 ex
411 1814 619 1855 codicibus
660 1814 900 1853 afferuntur:
939 1821 1033 1861 pate
1063 1813 1287 1854 Vaticanus
1318 1815 1419 1866 (A),
1456 1821 1607 1866 paratu
1643 1814 1715 1853 sed
1752 1823 1777 1852 u
1815 1814 1855 1852 in
1893 1814 2014 1853 litura
2050 1815 2279 1865 Leidensis,

324 1894 453 1940 aperte
473 1885 761 1935 Farnesianus,
785 1892 928 1937 parate
943 1885 1167 1924 Vaticanus
1198 1885 1300 1923 alter
1324 1889 1363 1924 et
1385 1884 1702 1924 Ottobonianus.
1744 1884 2014 1923 Veterrimam
2045 1887 2278 1925 memoriam

326 1964 461 1998 servat
487 1962 533 1996 ut
563 1956 667 1997 solet
687 1956 932 2006 Vaticanus,
970 1970 1019 1995 cx
1050 1969 1096 1995 ca
1127 1961 1262 1994 autem
1299 1956 1455 2006 reliqua
1484 1955 1675 1994 videntur
1710 1955 1887 2007 pendere
1925 1957 2071 1994 omnia.
2124 1957 2276 1996 Verum

324 2031 364 2069 in
388 2037 482 2077 pate
510 2029 550 2069 h.
573 2043 606 2068 e.
635 2035 767 2081 perate
795 2027 1031 2067 delitescere
1053 2029 1299 2080 paratiorem
1328 2033 1397 2066 aut
1426 2026 1536 2078 quod
1554 2026 1718 2065 Halmio
1748 2027 1789 2065 in
1819 2032 1994 2065 mentem
2015 2029 2124 2066 venit
2149 2043 2276 2081 para-

324 2104 513 2143 tissimum
541 2115 622 2141 non
653 2099 870 2140 admodum
901 2099 1092 2140 credibile
1123 2104 1196 2139 est.
1248 2098 1337 2141 Nos
1367 2105 1506 2150 percite
1534 2098 1847 2151 interpretamur
1868 2106 2070 2152 perantem
2101 2101 2275 2153 (percite)

324 2174 554 2224 additisque
584 2172 741 2212 duabus
771 2172 913 2212 litteris
943 2172 1214 2224 reciperamus
1239 2185 1379 2210 vocem
1410 2170 1635 2209 sententiae
1665 2171 1816 2222 pariter
1847 2176 1886 2209 ct
1916 2171 2087 2210 orationi
2117 2186 2276 2212 accom—

322 2245 543 2294 modatam,
575 2245 684 2297 lonqe
703 2251 961 2296 superantem,
993 2243 1017 2282 i.
1041 2257 1074 2282 e.
1097 2248 1237 2283 nostro
1268 2255 1451 2282 sermone
1475 2243 1561 2281 weit
1580 2241 1793 2295 fferleyen.
1839 2241 1931 2282 Hoc
1952 2242 2055 2282 enim
2078 2241 2175 2283 dicit
2196 2243 2274 2284 Ta-

322 2317 441 2366 citus,
461 2316 581 2369 longe
603 2315 851 2368 superiorem
871 2315 956 2354 sore
978 2314 1153 2354 animum
1175 2315 1243 2366 qui
1263 2314 1341 2354 illis
1362 2313 1517 2353 artibus
1538 2313 1760 2353 instructus
1783 2312 1834 2352 ad
1855 2314 2164 2354 exercitationes
2186 2329 2274 2354 ora-

320 2392 453 2426 torum
482 2387 668 2439 proprias
689 2386 836 2424 veniat.
882 2386 964 2423 Vix
985 2390 1047 2425 est
1067 2385 1176 2437 quod
1200 2385 1434 2423 adiiciamus
1455 2398 1646 2437 superans
1675 2385 1948 2435 participium,
1980 2386 2137 2423 etiamsi
2158 2401 2273 2424 num-

321 2473 442 2509 quam
463 2458 541 2496 vim
573 2472 687 2497 suam
715 2458 918 2508 propriam
941 2463 1074 2505 exuat,
1105 2471 1208 2507 quae
1228 2471 1278 2495 ne
1299 2469 1407 2495 nunc
1427 2455 1590 2506 quidem
1611 2469 1852 2506 quemquam
1873 2455 2011 2494 fallere
2033 2462 2181 2508 potest,
2212 2464 2271 2496 ta-

320 2544 410 2568 men
434 2530 475 2567 in
494 2545 613 2568 usum
641 2544 771 2581 paene
794 2528 983 2567 adiectivi
1004 2527 1130 2577 abire,
1160 2533 1205 2567 ut
1226 2535 1449 2580 praestans,
1479 2526 1591 2566 velut
1606 2524 1811 2578 Vergilius
1837 2524 1934 2566 dicit
1954 2526 2057 2567 Acn.
2076 2539 2168 2578 VIII,
2191 2529 2269 2569 ⁴207

318 2607 507 2652 quattuor
525 2616 550 2639 a
571 2600 734 2640 stabulis
753 2600 979 2653 praestanti
994 2612 1154 2652 corpore
1175 2605 1306 2639 tauros
1326 2599 1490 2648 Avertit,
1523 2597 1676 2637 totidem
1695 2595 1830 2647 forma
1850 2605 2056 2650 superante
2076 2600 2270 2650 iuvencas,

320 2675 361 2709 et
379 2670 546 2711 Tacitus
575 2671 662 2724 ipse
683 2671 823 2710 scribit
851 2671 889 2709 in
912 2670 1105 2723 Agricola
1134 2683 1167 2709 c.
1190 2682 1293 2720 xxv,
1316 2671 1338 2709 5
1369 2683 1416 2708 ne
1444 2676 1651 2721 superante
1681 2682 1836 2706 numero
1865 2676 1901 2706 et
1922 2671 2068 2720 peritia
2101 2671 2272 2709 locorum

318 2743 601 2780 circumiretur.
661 2742 847 2782 Pressius
877 2756 998 2794 quam
1027 2742 1149 2795 vulgo
1179 2742 1265 2780 fieri
1304 2741 1407 2780 solet
1443 2741 1628 2779 codicum
1666 2739 1816 2777 indicia
1847 2740 2055 2789 sequenda
2085 2741 2270 2782 ducimus

319 2813 437 2851 ctiam
460 2814 591 2864 capite
612 2826 719 2863 xxx,
741 2816 776 2853 5.
828 2815 998 2853 Transeo
1022 2816 1156 2866 prima
1177 2815 1406 2854 discentium
1426 2814 1620 2861 elementa,
1649 2814 1691 2850 in
1713 2812 1852 2864 quibus
1873 2819 1909 2850 et
1926 2813 2023 2863 ipsis
2042 2827 2188 2864 parum
2210 2815 2269 2853 la-

319 2884 490 2931 boratur,
522 2897 589 2922 nec
617 2886 660 2923 in
690 2886 915 2924 auctoribus
942 2886 1213 2937 coqnoscendis
1241 2899 1307 2924 nec
1336 2886 1379 2923 in
1405 2884 1610 2922 evolvenda
1641 2884 1887 2935 antiquitate,
1919 2896 1988 2921 nec
2016 2885 2059 2921 in
2090 2887 2270 2924 notitiam

316 2956 375 2994 vel
401 2968 532 2993 rerum
560 2956 620 2994 vel
647 2956 846 2995 hominum
874 2957 934 2995 vel
963 2963 1171 3008 temporum
1197 2957 1292 2995 satis
1312 2969 1448 3008 operae
1468 2955 1690 3002 insumitur,
1721 2954 1786 2992 sed
1809 2961 2043 3006 erpetuntur
2062 2969 2156 3007 quos
2185 2957 2271 2995 rhe-

319 3033 423 3065 toras
450 3033 600 3065 vocant.
651 3025 827 3076 Quorum
849 3027 1039 3081 professio
1057 3028 1217 3082 quando
1241 3028 1418 3082 primum
1446 3027 1489 3064 in
1519 3026 1619 3063 lianc
1649 3025 1779 3063 urbem
1810 3026 2034 3064 introducta
2062 3028 2113 3065 sit
2130 3041 2270 3080 quam-

1955 3098 2017 3141 2-1·
