2606 3551
1258 243 1288 286 4

291 372 425 422 aptam
445 367 530 406 fore
552 367 791 417 orationem,
811 366 933 405 modo
954 368 1082 405 maior
1102 381 1125 405 a
1143 367 1289 419 Lipsio
1308 371 1511 419 repertum
1532 366 1814 405 restitueretur
1831 379 1906 417 pro
1926 379 2012 405 mor
2030 370 2116 407 sive
2136 380 2251 405 more.

291 441 441 491 Neque
462 445 666 479 mutamus
687 440 945 489 sententiam,
966 439 1039 478 sed
1057 445 1291 492 poteramus
1313 454 1400 478 eam
1420 438 1573 478 firmius
1594 437 1795 478 stabilire:
1818 436 1861 477 id
1882 437 1992 489 quod
2012 452 2121 478 nunc
2140 437 2257 479 insti-

291 510 454 551 tuimus.
485 509 651 550 Etenim
667 508 756 550 vitii
776 514 961 550 naturam
982 508 1203 561 declarare,
1218 514 1304 551 tum
1321 507 1618 563 praetereundo
1639 507 1747 549 hunc
1766 507 1899 548 locum
1919 508 2260 563 perstringentes,

293 581 559 636 negleximus.
605 581 672 620 De
703 594 785 634 qua
815 581 850 620 si
880 581 970 633 quis
1001 580 1163 621 dubitet
1190 582 1305 634 isque
1336 580 1565 620 incredulus
1587 593 1611 619 a
1630 579 1747 619 nobis
1767 584 1949 631 quaerat,
1977 579 2085 618 unde
2113 581 2259 619 mirum

292 652 394 692 illud
415 666 501 691 mor
520 657 653 691 ortum
674 666 764 691 esse
786 653 1079 701 existimemus,
1108 653 1447 705 respondebimus
1467 652 1619 690 librarii
1640 651 1897 690 oscitantiam
1915 652 2175 702 transpositis
2195 653 2261 691 lit-

292 725 390 765 teris
422 738 471 764 ex
497 726 627 763 maior
648 724 829 764 effecisse
858 726 987 763 iamor
1006 724 1128 776 idque
1160 738 1250 763 cum
1279 723 1548 777 praecedente
1574 723 1704 775 qlom'a
1735 722 1934 762 coaluisse
1963 722 2004 762 in
2029 723 2260 776 qloriamor,

291 796 335 836 id
365 802 427 837 est
463 796 505 835 in
542 796 675 849 ipsum
706 795 818 848 quod
848 796 1179 850 apographorum
1210 795 1362 835 indicia
1392 794 1666 835 consideranti
1696 792 1863 834 dubium
1894 808 1985 835 esse
2015 809 2097 835 non
2126 800 2263 849 potest

293 869 390 920 quin
412 869 453 908 in
475 869 678 907 communi
699 868 876 908 omnium
899 868 1118 920 exemplari
1140 868 1351 908 exstiterit.
1391 867 1505 906 Nihil
1526 867 1731 920 singulare
1752 866 1962 918 sumimus,
1979 866 2054 907 sed
2072 867 2261 920 frequens

294 945 355 979 est
384 940 418 979 is
451 954 563 979 error
593 944 633 978 et
662 939 703 977 in
733 939 953 978 multorum
978 939 1220 992 scriptorum
1245 938 1454 978 codicibus
1477 938 1621 979 obvius
1652 938 1720 990 qui
1749 937 1929 978 traiectis
1960 937 2012 978 ad
2040 937 2148 979 hunc
2177 952 2262 979 mo·

295 1011 390 1050 dum
421 1011 565 1050 litteris
596 1011 837 1049 continetur.
897 1009 1026 1049 Cuius
1057 1011 1143 1048 vitii
1180 1024 1313 1063 pauca
1347 1024 1545 1063 ponemus
1576 1010 1777 1062 exempla,
1815 1024 1895 1061 quo
1925 1010 2053 1049 maior
2081 1010 2137 1049 illi
2168 1024 2264 1049 con-

295 1083 474 1123 iecturae
504 1081 607 1122 fides
639 1087 842 1121 accrescat
872 1086 913 1121 et
942 1087 988 1120 ut
1018 1081 1171 1133 aliquid
1201 1081 1454 1122 fundamenti
1485 1081 1766 1122 substruamus
1794 1081 1972 1133 reliquae
1994 1080 2262 1135 disputationi

293 1157 469 1194 nostrae.
529 1153 579 1192 In
611 1151 821 1192 Ciceronis
851 1152 1037 1205 Legibus
1070 1153 1107 1202 2,
1135 1152 1202 1202 22,
1229 1153 1280 1191 57
1312 1152 1353 1191 in
1383 1152 1496 1193 libris
1516 1152 1732 1193 Vossianis
1770 1157 1832 1192 est
1860 1166 1981 1205 quam
2015 1154 2119 1192 iusta
2145 1153 2262 1203 facta

294 1232 331 1264 et
357 1238 499 1277 corpus
529 1238 663 1263 caesus
691 1230 757 1272 est,
793 1228 833 1262 et
864 1237 975 1262 error
1005 1237 1162 1262 errores
1192 1223 1327 1272 traxit,
1367 1223 1496 1262 donec
1525 1224 1784 1263 Luebbertus
1814 1224 2037 1276 perspexit,
2077 1225 2187 1276 quod
2217 1226 2264 1264 li-

292 1295 414 1335 brarii
449 1309 591 1347 corpus
627 1294 842 1344 fecissent,
879 1294 1005 1333 fuisse
1038 1308 1185 1347 porcus
1219 1308 1353 1333 caesus
1389 1302 1454 1333 est.
1514 1294 1640 1346 Apud
1675 1294 1838 1334 Livium
1877 1294 1942 1344 23,
1971 1295 2038 1344 42,
2069 1295 2119 1334 13
2157 1295 2260 1336 liber

293 1366 472 1419 optimus
502 1365 627 1405 habet
648 1365 923 1404 Numidarum
946 1379 1169 1418 paucorum
1198 1366 1263 1404 illi
1290 1366 1447 1418 quidem
1470 1366 1627 1417 praeda
1658 1372 1773 1404 erunt
1792 1366 2115 1418 praesidiumque
2143 1368 2265 1406 misul

294 1438 403 1477 nobis
431 1445 468 1477 et
496 1438 610 1477 nolae
640 1438 929 1486 ademdemeris,
971 1451 1017 1477 ac
1046 1436 1202 1490 pridem
1231 1437 1482 1477 intellectum
1514 1443 1576 1478 est
1604 1437 1769 1477 Livium
1793 1438 2116 1492 praesidiumque
2144 1439 2264 1479 simul

294 1510 405 1550 nobis
434 1517 471 1549 et
494 1509 622 1549 Nolae
652 1509 843 1549 ademeris
873 1508 1099 1562 scripsisse,
1130 1509 1400 1561 miramurque
1420 1508 1803 1551 Weissenbornium
1833 1514 1874 1549 et
1903 1508 2161 1564 Madvigium
2191 1525 2264 1551 no-

294 1582 418 1621 luisse
448 1581 496 1620 in·
521 1580 599 1620 hac
629 1580 803 1633 simplici
834 1580 1083 1620 correctione
1115 1580 1384 1632 acquiescere.
1438 1580 1487 1619 In
1519 1581 1643 1619 vitam
1672 1580 1850 1620 Terentii
1881 1596 1905 1620 a
1934 1580 2161 1621 Ritschelio
2192 1582 2263 1622 ad-

294 1658 435 1692 notata
465 1651 596 1705 (Opp.
615 1652 653 1702 3,
676 1652 775 1704 214)
808 1651 877 1704 qui
906 1651 1226 1704 perlustraverit,
1255 1651 1456 1705 intelliget
1485 1652 1526 1690 in
1542 1651 1717 1704 Vagellii
1748 1652 1853 1703 (sive
1878 1652 1913 1692 is
1934 1652 2082 1692 rectius
2099 1652 2261 1693 Vallae-

294 1725 380 1763 cius
411 1724 580 1774 dicitur)
612 1723 798 1762 versibus
835 1725 1019 1762 retentius
1050 1724 1247 1774 scriptum
1278 1737 1352 1774 pro
1389 1723 1594 1762 Terentius
1629 1724 1772 1763 mirum
1809 1730 1980 1775 quantas
2020 1724 2162 1764 turbas
2194 1725 2263 1765 de-

293 1796 415 1835 disse.
464 1794 642 1835 Senecae
672 1795 713 1833 in
744 1793 918 1846 dialogis
948 1808 988 1845 p.
1013 1794 1107 1843 287,
1136 1794 1188 1834 23
1218 1794 1271 1834 K.
1304 1808 1394 1834 cum
1426 1794 1466 1834 in
1496 1794 1610 1835 libris
1642 1800 1751 1835 esset
1780 1809 1911 1835 rerum
1941 1796 2115 1836 omnium
2137 1810 2265 1849 paca-

293 1869 491 1909 cissimum
515 1866 600 1920 (vel
623 1866 948 1921 pacatissimum)
969 1866 1052 1906 eius
1074 1872 1225 1920 pectus,
1258 1863 1460 1906 Gruterus
1482 1865 1670 1920 scriptori
1698 1865 1877 1907 reddidit
1898 1865 2008 1920 quod
2028 1880 2170 1908 verum
2191 1873 2267 1920 est,

292 1940 615 1992 capacissimum3
648 1937 759 1990 apud
780 1937 951 1976 eundem
971 1952 1011 1988 p.
1035 1938 1126 1985 174,
1149 1938 1200 1974 26
1222 1938 1262 1974 in
1284 1938 1557 1975 Ambrosiano
1579 1938 1721 1976 codice
1743 1939 1956 1976 exhibetur
1974 1941 2018 1976 in
2039 1953 2115 1990 quo
2135 1954 2264 1978 necso-

292 2013 398 2049 rium
428 2013 573 2049 crimen
603 2018 709 2056 erat3
739 2010 835 2047 olim
856 2011 1072 2048 censorium
1094 2014 1319 2047 correctum
1340 2015 1415 2057 est,
1446 2008 1519 2048 sed
1548 2009 1778 2049 levissimus
1800 2024 1912 2049 error
1931 2010 2120 2050 vitiorum
2150 2010 2261 2051 ferax

293 2082 368 2121 fuit
397 2081 439 2121 in
469 2081 584 2122 libris
615 2079 866 2134 vulgaribus.
915 2079 1079 2120 Lucilio
1101 2078 1391 2120 Lachmannus
1422 2078 1576 2132 primus
1606 2080 1786 2121 restituit
1816 2080 1895 2122 222
1925 2081 2085 2122 illorum
2114 2082 2150 2122 si
2170 2095 2263 2137 pos-

293 2154 366 2194 sim
395 2151 505 2208 paci'
528 2153 672 2207 potiri,
713 2166 804 2192 cum
834 2151 996 2191 Nonius
1027 2152 1137 2205 capis
1167 2152 1303 2190 sortiri
1329 2150 1579 2190 tradidisset.
1638 2151 1784 2205 Neque
1814 2150 1989 2192 Ovidius
2019 2153 2060 2192 in
2089 2153 2192 2193 Arte
2223 2156 2262 2205 2,

296 2226 374 2264 729
414 2225 578 2277 scripsit
615 2224 726 2277 quod
756 2224 1001 2263 novissimus
1033 2224 1166 2262 editor
1193 2229 1304 2262 tenet
1335 2237 1425 2262 cum
1455 2224 1568 2263 libris
1597 2224 1676 2262 Hic
1706 2225 1776 2262 tibi
1808 2226 2022 2264 versandus
2061 2233 2168 2265 tenor
2196 2235 2264 2276 est,

294 2298 367 2337 sed
398 2297 507 2348 quod
538 2297 634 2334 olim
664 2297 912 2348 vulgabatur
940 2297 1170 2334 servandus.
1224 2296 1274 2334 In
1307 2294 1458 2334 Catulli
1489 2300 1621 2333 autem
1652 2296 1828 2335 carmine
1861 2298 1913 2336 68
1943 2297 2109 2336 mirifice
2139 2298 2264 2338 aluci-

293 2375 442 2408 nantur
471 2368 602 2417 docti,
640 2368 710 2419 qui
745 2369 787 2407 in
818 2382 938 2407 versu
969 2368 1021 2407 54
1059 2374 1206 2408 maesta
1245 2381 1367 2420 neque
1405 2367 1566 2407 assiduo
1598 2367 1782 2409 tabescere
1813 2369 1967 2409 lumina
1994 2369 2094 2422 fletu
2128 2370 2263 2411 Cessa-

293 2447 391 2491 rent,
423 2439 518 2493 quia
547 2440 714 2480 numula
745 2443 806 2480 est
835 2438 876 2479 in
906 2438 1035 2491 libris,
1066 2444 1202 2493 spreto
1232 2438 1429 2479 Italorum
1459 2436 1624 2489 iudicio,
1653 2443 1795 2493 poetae
1818 2441 2022 2495 pupulam
2052 2454 2134 2494 qua
2162 2441 2263 2482 nibil

293 2512 373 2552 hoc
403 2512 495 2551 loco
526 2511 701 2564 ineptius
732 2510 811 2550 dici
847 2511 982 2563 potuit
1012 2511 1246 2550 obtrudunt.
1307 2511 1532 2551 Possumus
1564 2511 1713 2550 addere
1743 2512 1823 2550 alia
1859 2527 1909 2551 ex
1937 2513 2060 2552 variis
2091 2514 2262 2566 scripto-

292 2585 406 2623 ribus
439 2584 624 2632 collecta,
654 2596 730 2621 nec
759 2583 919 2621 Latinis
949 2583 1079 2622 solum
1111 2583 1184 2622 sed
1209 2584 1329 2622 etiam
1353 2581 1524 2621 Graecis
1556 2584 1665 2633 (nam
1696 2597 1747 2622 ne
1770 2598 1794 2622 a
1814 2583 2072 2624 Graecorum
2102 2585 2266 2637 quidem

290 2654 407 2695 libris
437 2653 516 2694 hoc
546 2667 677 2708 genus
707 2667 886 2694 errorum
917 2653 1090 2694 alienum
1120 2654 1209 2705 fuit,
1238 2654 1279 2693 in
1310 2653 1458 2706 quibus
1488 2652 1586 2694 talia
1615 2652 1760 2696 λάθοιεν
1780 2679 1821 2685 -
1849 2653 2017 2710 &cllocem
2053 2657 2266 2709 μυθοῦσθαι

294 2749 336 2755 -
366 2727 598 2777 ἓυμοῦσθαις
630 2719 851 2777 ἄμορφος-
874 2719 1052 2776 ἅφορμοςς
1083 2728 1329 2777 μεθιστοκλῆς
1350 2748 1391 2755 -
1415 2727 1664 2778 Θεμιστοκλῆς
1694 2732 1922 2779 permutata
1950 2727 2160 2780 leguntur)
2193 2729 2265 2769 sed

295 2803 336 2838 et
364 2797 434 2837 illa
463 2798 563 2837 satis
593 2802 688 2837 sunt
717 2798 864 2850 quibus
894 2796 1091 2850 praesidii
1122 2797 1315 2850 quiddam
1345 2803 1509 2850 paretur
1537 2803 1619 2837 tam
1650 2798 1708 2837 illi
1737 2799 1975 2852 scripturae,
2014 2813 2118 2851 quae
2145 2800 2264 2840 nobis

293 2869 531 2923 disputandi
566 2869 811 2922 principium
849 2870 947 2920 fuit,
985 2884 1107 2922 quam
1138 2868 1490 2909 emendationibus
1529 2869 1578 2908 iis
1609 2884 1710 2922 quas
1740 2870 1819 2911 iam
1848 2871 2082 2925 temptaturi
2112 2886 2263 2913 sumus.

292 2941 531 2994 Propertius
570 2941 674 2980 enim
711 2942 752 2980 in
782 2942 913 2994 elegia
943 2947 1088 2993 quarta
1116 2941 1209 2981 libri
1240 2941 1371 2993 quarti
1401 2940 1600 2993 Tarpeiae
1630 2941 1738 2982 Tatii
1768 2957 1904 2983 amore
1940 2943 2134 2983 incensae
2164 2943 2267 2985 haec

293 3012 419 3053 verba
449 3011 575 3063 dedit,
606 3012 640 3053 si
668 3011 791 3053 modo
822 3011 955 3053 dedit:
