2606 3551
702 961 813 1019 VN
815 958 1308 1019 IVERSITATIS
1345 960 1882 1019 LITTERARIAE

916 1121 1281 1168 FRIDERIGAE
1318 1120 1667 1168 GVILELMAE

533 1283 1092 1365 RECTOR
1166 1284 1334 1362 ET
1404 1283 2048 1363 SENATVS.

312 1509 540 1595 Bolusuri
570 1554 620 1593 de
642 1569 752 1593 more
782 1554 1000 1593 lectionum
1022 1552 1342 1593 academicamm
1371 1554 1663 1593 enumerationi
1684 1554 1737 1593 ad
1757 1554 1977 1607 Dialogum
1999 1554 2128 1593 Taciti
2161 1555 2268 1605 (crc-

314 1626 446 1664 dimus
477 1626 582 1664 enim
611 1626 743 1664 Taciti
773 1639 862 1664 esse
892 1630 934 1663 et
963 1624 1068 1663 hanc
1097 1624 1294 1676 originem
1322 1624 1503 1664 futilibus
1538 1625 1761 1665 rationibus
1792 1625 2040 1677 impugnari)
2077 1625 2266 1674 redimus,

313 1696 364 1736 de
395 1710 475 1749 quo
509 1696 551 1735 in
587 1696 794 1749 prooemio
824 1710 876 1735 m.
898 1694 1030 1748 Aprili
1059 1709 1094 1735 a.
1116 1705 1436 1735 MDCCCLXXVIII
1472 1695 1623 1748 scripto
1659 1695 1853 1735 nonnulla
1883 1694 2157 1736 disseruimus.
2216 1696 2265 1736 In

314 1783 394 1820 quo
424 1767 630 1821 prooemio
660 1781 751 1808 cum
782 1766 861 1808 alia
889 1766 1226 1820 pertractavimus
1254 1771 1340 1807 tum
1364 1766 1572 1821 tetigimus
1592 1767 1718 1808 verba
1745 1767 1813 1808 illa
1833 1781 1937 1820 quae
1960 1767 2092 1821 capite
2112 1779 2190 1818 ΧΠ,
2216 1769 2262 1807 17

312 1839 353 1879 in
383 1838 521 1878 Adolfi
550 1837 765 1879 Michaelis
796 1838 1015 1892 exemplari
1050 1838 1092 1876 in
1131 1838 1238 1877 hunc
1267 1837 1433 1877 modum
1463 1851 1655 1891 expressa
1685 1844 1797 1878 sunt:
1838 1846 2004 1877 ceterum
2029 1839 2134 1888 felia:
2161 1841 2267 1877 illud

312 1917 349 1949 et
375 1917 421 1948 ut
448 1923 551 1949 more
579 1917 708 1948 noetro
739 1911 879 1962 loquar
906 1923 1071 1948 aureum
1099 1910 1298 1948 saeculum
1325 1917 1362 1961 et
1389 1917 1589 1948 oratorum
1625 1917 1662 1948 et
1694 1912 1904 1948 criminum
1932 1912 2046 1962 inops
2077 1913 2201 1962 poetis
2230 1919 2268 1949 et

311 1982 464 2020 vatibue
492 1981 726 2020 abundabat
752 1983 823 2032 qui
850 1981 938 2019 bene
968 1980 1083 2030 facta
1112 1989 1298 2019 canerent
1331 1995 1410 2019 non
1445 1983 1517 2033 qui
1551 1982 1655 2020 male
1683 1982 1855 2020 admissa
1886 1981 2155 2031 defenderent,
2196 1997 2264 2021 nec

311 2053 405 2092 ullis
433 2060 506 2091 aut
528 2053 659 2105 yloria
688 2065 792 2091 more
822 2070 918 2089 un
949 2058 1021 2091 aut
1047 2053 1253 2105 auquetior
1271 2052 1403 2102 honor,
1427 2053 1606 2105 primum
1632 2053 1746 2105 apud
1765 2052 1864 2102 deos,
1895 2066 2063 2106 quorum
2085 2052 2264 2106 proferre

310 2137 494 2176 responsa
522 2130 559 2163 et
584 2124 766 2162 interesse
794 2123 920 2176 epulia
939 2121 1184 2172 ferebantur,
1216 2123 1354 2163 deinde
1372 2124 1485 2177 apud
1513 2124 1604 2163 istos
1634 2124 1710 2162 diis
1735 2124 1884 2177 qenitos
1912 2137 2118 2177 sacrosque
2146 2138 2261 2177 reyes,

307 2195 411 2234 inter
436 2207 536 2248 quoe
562 2195 751 2234 neminem
779 2195 1023 2233 caueidicum
1052 2195 1119 2233 sed
1151 2194 1303 2248 Orphea
1332 2209 1379 2234 ac
1407 2195 1555 2233 Linum
1592 2209 1641 2233 ac
1675 2196 1712 2233 ει·
1744 2196 1993 2248 introspicere
2021 2196 2143 2233 altius
2171 2197 2263 2234 velis

307 2268 437 2318 ipsum
456 2267 677 2318 Apollinem
705 2267 935 2318 accepimua.
985 2266 1347 2306 Praetermittimus
1379 2267 1603 2306 sententiae
1635 2267 1994 2305 conformationem
2024 2267 2064 2306 in
2095 2282 2174 2318 qua
2202 2274 2264 2306 ta-

309 2352 401 2377 men
431 2343 493 2378 est
522 2336 634 2389 quod
664 2337 812 2377 aeriter
840 2336 1063 2377 attendenti
1092 2352 1174 2377 non
1204 2338 1302 2378 satis
1333 2337 1544 2379 commode
1574 2343 1644 2378 aut
1666 2337 1862 2378 concinne
1893 2337 2041 2377 elatum
2062 2337 2261 2389 videatur,

309 2410 343 2450 si
374 2408 536 2461 quidem
557 2408 805 2460 Maternum,
834 2409 875 2448 in
897 2409 1011 2449 cuius
1041 2408 1142 2449 haec
1162 2410 1345 2450 oratione
1373 2410 1577 2464 leguntur,
1606 2414 1715 2449 recte
1738 2408 1939 2449 credimus
1970 2408 2048 2448 hoc
2071 2410 2260 2461 sensisse,

307 2482 430 2521 nullis
457 2482 725 2534 auquetae‘orem
752 2495 872 2534 quam
894 2482 1019 2533 poetis
1049 2481 1228 2521 honorem
1251 2480 1391 2531 fuisse,
1429 2483 1574 2534 quippe
1602 2483 1674 2534 qui
1684 2483 1742 2520 ‘in
1770 2482 1911 2521 honore
1939 2488 2061 2521 essent
2083 2482 2261 2533 primum

305 2552 417 2604 apud
435 2552 536 2601 deos,
567 2553 704 2590 deinde
733 2553 844 2604 apud
866 2553 927 2589 dis
951 2554 1102 2604 yenitoa
1131 2565 1246 2604 reyes,
1277 2552 1349 2591 sed
1369 2552 1656 2605 astringendae
1677 2553 1870 2591 orationis
1891 2552 2025 2590 studio
2047 2553 2260 2604 abreptum

306 2622 578 2661 necessariam
608 2627 764 2675 partem
794 2636 876 2662 non
905 2636 997 2661 raro
1025 2622 1068 2661 in
1097 2621 1176 2661 hoc
1203 2622 1340 2662 libello
1371 2623 1554 2675 exemplo
1584 2623 1807 2662 reticuisse.
1854 2622 1937 2662 Sed
1968 2622 2017 2661 de
2047 2637 2128 2662 una
2158 2637 2258 2662 voce

305 2708 407 2734 more
428 2694 600 2747 agimus,
629 2708 751 2745 quam
772 2694 913 2746 scripti
933 2694 1025 2733 libri
1047 2693 1252 2743 exhibent,
1281 2694 1358 2733 nisi
1380 2694 1489 2746 quod
1517 2700 1580 2734 est
1608 2694 1649 2733 in
1669 2693 1864 2734 Leidensi
1894 2708 2003 2733 mor·
2021 2718 2051 2743 -,
2083 2694 2123 2733 in
2144 2694 2260 2734 Vati-

306 2780 408 2807 cano
422 2765 498 2819 (A)
514 2764 772 2805 interstitium
793 2769 855 2806 est
870 2770 964 2818 post
979 2778 1092 2815 more,
1109 2765 1151 2805 in
1172 2764 1395 2819 eodemque
1416 2771 1456 2806 et
1475 2766 1516 2806 in
1531 2765 1779 2806 Farnesiano
1799 2767 1843 2805 in
1863 2779 1926 2805 ore
1942 2766 2261 2819 superscriptum

303 2838 460 2890 legitur.
505 2837 736 2887 Defectum,
767 2851 885 2889 quem
916 2851 1006 2877 cum
1029 2837 1116 2878 aliis
1137 2837 1351 2877 Michaelis
1372 2838 1589 2888 statuebat,
1618 2852 1707 2888 uos,
1737 2838 1927 2889 quoniam
1957 2846 2042 2877 erat
2068 2839 2110 2877 in
2140 2839 2260 2878 huius

304 2909 515 2962 scriptoris
545 2923 730 2949 sermone
760 2923 841 2949 non
871 2908 1187 2960 desideraretur,
1223 2909 1317 2949 olim
1348 2909 1500 2950 nullum
1532 2924 1621 2950 esse
1651 2910 1884 2962 scripsimus
1920 2909 1994 2949 sed
2029 2909 2191 2962 plenam
2222 2915 2261 2949 et

1953 2980 2007 3028 1,
