2606 3551
1298 217 1324 259 5

723 342 775 381 55
834 340 879 382 Si
910 341 1059 381 coniux
1086 340 1293 393 pariamve
1321 346 1392 381 tua
1420 340 1563 394 regina
1593 340 1667 381 sub
1697 339 1800 390 aula,

896 412 987 454 Dos
1017 411 1092 454 tibi
1121 426 1205 454 non
1233 411 1396 454 humilis
1425 410 1587 466 prodita
1614 410 1746 453 Roma
1773 410 1896 453 venit.

833 485 878 524 Si
907 485 1055 534 minus,
1085 490 1127 523 at
1154 489 1296 537 raptae
1326 499 1378 523 ne
1408 484 1490 523 sint
1518 484 1681 535 impune
1713 482 1909 522 Sabinae:

894 556 964 594 Me
994 570 1105 608 rape,
1140 562 1180 595 et
1207 557 1361 596 alterna
1388 556 1481 609 lege
1511 555 1690 607 repende
1719 555 1842 594 vices.

330 626 400 668 Sic
429 627 531 667 haec
559 627 850 667 Lachmannus
886 632 1107 678 praeeunte
1145 642 1194 666 ex
1228 631 1342 680 parte
1372 626 1525 667 Iacobo
1566 625 1616 666 de
1645 625 1787 666 Puecii
1816 626 2050 667 coniectura
2086 625 2213 667 edidit
2241 626 2283 667 in

329 697 455 740 altero
485 698 713 751 exemplari.
763 698 826 738 Ac
851 699 1055 751 pariamve
1082 697 1276 739 librorum
1306 698 1546 738 auctoritate
1575 711 1658 737 non
1688 696 1934 749 destituitur,
1967 698 2118 752 quippe
2148 712 2173 738 a
2202 711 2283 750 quo

328 770 396 810 vix
426 769 548 811 distet
585 769 696 823 quod
733 770 768 810 is
804 769 874 822 qui
902 769 1197 823 Neapolitanus
1238 770 1462 824 appellatur
1491 769 1654 810 exhibet
1684 771 1918 823 pariamne3
1958 768 2178 823 eodemque
2208 769 2283 810 du-

329 857 417 883 cere
448 842 705 896 Groningani
741 842 942 894 scriptura
970 844 1134 895 pariam
1171 850 1239 882 tua
1274 856 1322 882 ne
1350 842 1524 882 videtur.
1583 842 1729 894 Neque
1766 842 1845 882 hoc
1882 848 1928 882 ut
1962 843 2169 882 mittamus
2199 856 2284 882 mo-

329 928 468 954 vemur
496 915 544 954 iis
576 928 678 966 quae
708 928 835 966 nuper
863 928 971 953 nova
1006 928 1056 953 ex
1085 914 1201 953 novis
1233 915 1396 966 suisque
1425 914 1539 954 libris
1570 914 1703 953 attulit
1731 914 2015 954 Baehrensius.
2076 913 2158 964 Qui
2187 929 2283 953 vero

324 986 512 1038 pariendi
539 985 962 1025 commemorationem
984 985 1034 1025 ab
1056 984 1132 1026 hac
1152 985 1335 1026 oratione
1355 985 1527 1025 alienam
1549 984 1746 1026 ducentes
1768 985 2100 1026 comminiscendi
2119 986 2283 1026 licentia

327 1057 466 1112 vagati
497 1062 604 1108 sunt,
633 1057 660 1096 ii
681 1071 866 1097 veremur
893 1072 943 1096 ne
964 1057 1083 1096 nimis
1104 1056 1267 1096 delicati
1288 1056 1387 1110 quid
1412 1056 1507 1096 huic
1535 1057 1692 1110 puellae
1714 1056 1861 1097 decens
1892 1057 1945 1097 sit
1971 1062 2041 1097 aut
2064 1056 2143 1097 hoc
2162 1062 2284 1110 poeta

328 1129 496 1182 dignum
524 1143 605 1167 non
637 1130 733 1167 satis
762 1134 875 1167 recto
906 1134 975 1167 aut
1004 1129 1131 1167 libero
1161 1128 1311 1167 iudicio
1335 1129 1648 1168 aestimaverint.
1693 1129 1839 1180 Itaque
1868 1144 1943 1168 nos
1974 1130 2083 1168 illam
2112 1129 2282 1168 formam

328 1200 594 1239 Lachmanno
614 1200 827 1251 probatam
848 1199 958 1238 haud
979 1205 1218 1239 cunctanter
1237 1205 1452 1250 tueremur,
1476 1200 1555 1239 nisi
1574 1200 1730 1240 initium
1750 1200 1939 1240 versiculi
1958 1200 2092 1240 labem
2112 1200 2282 1240 traxisse

326 1270 521 1311 librorum
550 1269 652 1311 fides
681 1270 955 1323 persuaderet.
1000 1271 1109 1310 Nam
1139 1270 1250 1322 quod
1279 1284 1419 1311 omnes
1448 1270 1610 1320 habent,
1641 1285 1692 1311 ne
1713 1271 1949 1310 Baehrensii
1976 1270 2138 1323 quidem
2168 1271 2282 1311 libris

329 1342 523 1394 exceptis,
552 1343 607 1381 sic
636 1342 779 1395 hospes,
814 1341 857 1380 id
887 1340 1050 1393 quidem
1080 1356 1130 1381 ex
1158 1342 1238 1381 illis
1267 1343 1302 1380 si
1329 1344 1472 1381 coniux
1502 1342 1690 1382 effectum
1721 1356 1809 1382 esse
1838 1356 1956 1381 nemo
1985 1342 2100 1381 facile
2130 1342 2280 1381 credet.

331 1411 467 1463 Quare
496 1427 572 1453 nos
593 1427 684 1453 cum
705 1412 930 1453 sententiae
960 1412 1245 1453 necessitatem
1276 1427 1531 1465 sequeremur
1551 1420 1592 1454 et
1611 1413 1711 1454 illud
1735 1414 1839 1453 forte
1870 1427 1999 1468 genus
2020 1414 2210 1453 vitiorum
2231 1413 2283 1453 de

329 1499 410 1538 quo
440 1484 615 1526 diximus
645 1485 685 1524 in
715 1490 847 1525 mente
877 1485 1133 1536 haberemus,
1163 1486 1203 1524 in
1233 1499 1320 1524 eam
1350 1485 1566 1525 incidimus
1596 1486 1842 1538 opinionem,
1870 1492 1915 1525 ut
1935 1500 1959 1525 a
1977 1492 2100 1539 poeta
2121 1485 2283 1538 quidem

328 1558 365 1595 si
384 1570 520 1610 posces
540 1558 734 1610 scriptum
762 1557 902 1607 fuisse,
931 1557 973 1596 id
993 1562 1127 1596 autem
1157 1571 1231 1609 per
1252 1557 1453 1596 scribendi
1484 1571 1659 1597 errorem
1681 1572 1704 1596 a
1723 1558 1886 1597 librario
1908 1558 1977 1597 illa
1997 1557 2213 1597 metathesi
2242 1557 2283 1596 in

326 1630 363 1667 εἰ
380 1642 506 1681 cospes
526 1628 605 1668 hoc
625 1634 688 1668 est
706 1630 761 1668 sic
776 1630 908 1681 hospes
924 1628 1188 1668 deformatum
1205 1642 1295 1668 esse
1311 1628 1612 1668 coniiceremus.
1644 1630 1841 1668 Poscendi
1853 1629 2019 1669 verbum
2041 1629 2126 1669 sive
2147 1628 2285 1668 addita

328 1700 413 1739 sive
433 1700 583 1740 omissa
601 1700 738 1740 uxoris
759 1700 1053 1753 significatione
1083 1715 1213 1753 paene
1235 1700 1458 1753 legitimum
1481 1706 1543 1741 est
1562 1700 1603 1740 in
1632 1700 1809 1754 petenda
1829 1715 1952 1741 uxore
1973 1700 2166 1755 legitima.
2213 1699 2284 1742 Sic

328 1770 499 1812 Plautus
529 1771 723 1824 loquitur,
753 1771 794 1811 in
815 1771 1027 1811 Aulularia
1057 1772 1108 1812 32
1129 1771 1199 1812 W.
1230 1785 1315 1811 eam
1343 1785 1409 1825 eqo
1431 1772 1541 1812 leodic
1560 1771 1715 1823 faciam
1737 1780 1781 1811 ut
1799 1773 1859 1812 laic
1879 1786 1993 1813 senex¹
2021 1773 2067 1812 de
2091 1785 2283 1826 proxumo

330 1839 416 1883 Sibi
442 1856 601 1882 uxorem
622 1849 780 1897 poscat5
811 1844 863 1882 34
893 1850 931 1882 et
957 1844 1017 1882 hie
1046 1845 1118 1897 qui
1137 1850 1268 1896 poscet
1294 1856 1380 1882 cam
1399 1844 1474 1882 sibi
1501 1857 1657 1883 uxorem
1677 1858 1812 1892 senex3
1847 1846 1923 1883 158
1952 1859 2074 1898 quam
2093 1858 2282 1882 maxuma

320 1929 481 1966 possum
512 1916 583 1953 tibi
599 1916 733 1963 frater
752 1916 847 1953 dare
867 1917 972 1953 dote:
1002 1915 1080 1954 Sed
1103 1916 1300 1966 qrandior
1328 1930 1385 1954 es:
1415 1917 1587 1954 mulieris
1615 1924 1671 1955 est
1697 1925 1806 1955 aetas
1835 1918 1975 1956 media.
2026 1916 2127 1956 Eam
2156 1917 2193 1954 si
2219 1917 2282 1954 iu-

328 1985 389 2026 bes
409 1983 543 2036 frater
563 1985 632 2026 tibi
659 2000 716 2026 me
738 1999 904 2039 poscere,
928 1999 1108 2039 poscam;
1139 1985 1218 2026 217
1238 1984 1373 2036 filiam
1404 1992 1512 2026 tuam
1535 1985 1632 2027 mihi
1659 1999 1816 2027 uoeorem
1839 2000 1978 2040 posco‚·
2010 1986 2089 2027 222
2120 1999 2190 2027 cur
2208 1986 2282 2040 iqi-

330 2063 395 2096 tur
423 2058 554 2111 poscis
584 2070 708 2096 meam
732 2064 898 2111 quatum
929 2057 1008 2095 tibi.
1066 2056 1179 2095 Idem
1215 2056 1257 2094 in
1285 2056 1521 2095 Trinummo
1553 2058 1633 2096 384
1665 2058 1734 2096 tibi
1762 2059 1963 2111 permitto,
1995 2071 2130 2111 posce,
2167 2058 2283 2103 ἄασας

329 2129 409 2167 386
443 2135 519 2167 tute
546 2130 603 2167 ad
630 2142 718 2168 eum
746 2130 866 2168 adeas
894 2136 940 2167 ut
964 2130 1153 2176 concilies,
1185 2135 1263 2166 tute
1285 2142 1445 2181 poscas,·
1477 2130 1559 2167 450
1587 2143 1693 2167 meus
1721 2144 1779 2168 me
1807 2132 1934 2167 oravit
1951 2130 2067 2178 filius
2094 2129 2146 2167 Ut
2174 2137 2283 2167 tuam

327 2214 495 2239 sororem
517 2215 713 2252 poscerem
742 2216 899 2240 uxorem
927 2201 1022 2245 scol,-
1058 2202 1151 2240 499*
1168 2201 1250 2239 sine
1280 2200 1364 2240 dote
1385 2214 1503 2252 posco
1536 2207 1645 2240 tuam
1674 2215 1841 2240 sororem
1862 2200 1972 2251 filio‚·
2012 2202 2087 2240 571
2121 2201 2168 2241 dc
2197 2201 2283 2241 dote

328 2287 476 2312 mecum
505 2273 702 2313 conveniri
728 2273 787 2313 nil
812 2279 957 2326 potest.-
999 2270 1112 2321 Quod
1143 2272 1211 2312 tibi
1239 2271 1352 2322 lubet,
1391 2278 1469 2312 tute
1497 2273 1602 2326 ayito
1632 2287 1720 2313 cum
1747 2280 1867 2327 ynato
1896 2286 1988 2313 meo,
2023 2271 2145 2313 Nunc
2175 2279 2283 2313 tuam

327 2357 493 2384 sororem
515 2343 605 2395 filio
628 2359 745 2399 posco
774 2358 866 2385 meo.
924 2343 1068 2397 Itaque
1097 2357 1188 2384 cum
1216 2343 1389 2398 Tarpeia
1418 2342 1517 2384 dicit

771 2416 816 2457 Si
845 2429 991 2469 posces
1020 2416 1225 2468 pariamve
1253 2422 1324 2454 tua
1352 2417 1494 2469 regina
1524 2417 1599 2455 sub
1629 2417 1735 2466 aula,

833 2489 923 2527 Dos
952 2488 1028 2526 tibi
1056 2503 1139 2526 non
1168 2487 1330 2527 humilis
1359 2488 1520 2540 prodita
1549 2488 1679 2528 Roma
1707 2489 1827 2528 venit.

771 2559 817 2601 Si
846 2560 992 2610 minus,
1023 2564 1064 2599 at
1092 2564 1231 2612 raptae
1260 2573 1310 2599 ne
1341 2559 1421 2600 sint
1449 2559 1612 2613 impune
1644 2559 1833 2611 Sabinae,

833 2630 904 2669 Me
933 2644 1042 2683 rape,
1073 2635 1113 2669 et
1141 2630 1297 2669 alterna
1326 2630 1417 2683 lege
1447 2631 1620 2684 repende
1644 2631 1767 2681 vices,

321 2704 512 2756 poscendi
539 2703 664 2741 verbo
695 2708 787 2755 apt-e
816 2702 1021 2741 adduntur
1051 2702 1197 2753 quibus
1232 2702 1301 2741 illa
1337 2703 1447 2741 notio
1487 2702 1690 2742 definitius
1728 2704 1975 2755 exprimatur
2004 2718 2113 2743 more
2153 2704 2283 2756 poetis

328 2773 542 2826 frequenti,
573 2788 815 2826 quamquam
846 2788 967 2826 saepe
998 2774 1047 2813 ab
1069 2773 1356 2826 interpretibus
1385 2787 1527 2826 parum
1557 2778 1663 2813 recte
1686 2774 1895 2827 accipitur,
1927 2774 2138 2828 eidemque
2158 2775 2283 2816 verbo

329 2846 530 2900 apposite,
560 2845 670 2898 quod
699 2846 836 2886 Plauti
866 2845 1051 2898 exempla
1080 2844 1374 2896 demonstrant,
1412 2844 1518 2885 dotis
1548 2846 1697 2885 mentio
1729 2846 1954 2897 subiicitur,
1984 2846 2173 2900 denique,
2204 2861 2285 2900 quo

327 2918 488 2972 pondus
519 2923 559 2956 et
587 2918 648 2956 vis
679 2919 905 2958 sententiae
936 2918 1180 2967 continetur,
1204 2919 1392 2970 poscendi
1420 2923 1460 2956 et
1488 2919 1672 2970 rapiendi
1699 2918 1958 2958 condiciones
1989 2920 2151 2972 egregie
2181 2920 2287 2959 inter

330 3004 374 3029 se
404 2994 676 3042 opponuntur,
706 2989 758 3028 ad
779 3004 869 3028 eum
899 2990 981 3028 fere
1011 2989 1174 3028 modum
1196 3003 1277 3040 quo
1300 2988 1473 3028 Ovidius
1505 2988 1607 3027 dixit
1625 2989 2012 3041 Metamorphoseon
2043 2992 2177 3041 5,415
2209 3005 2287 3030 non
