2606 3551
1290 253 1316 295 7

326 377 446 418 huius
475 376 568 418 libri
597 375 824 417 emendatio
855 375 1038 417 adiuvari
1066 390 1188 429 posse
1219 375 1417 416 videatur.
1466 374 1581 415 Nihil
1610 374 1765 429 grande
1795 381 2062 428 temptamus:
2100 374 2157 415 ita
2186 374 2283 427 quin

327 449 449 490 immo
480 448 676 490 sentimus
706 447 900 489 nonnulla
928 448 970 489 in
999 448 1078 489 hoc
1106 447 1245 489 libello
1273 461 1396 502 posse
1425 447 1574 488 rectius
1596 447 1717 488 scribi
1737 461 1858 501 quam
1882 447 1923 488 in
1942 447 2186 489 editionibus
2207 447 2284 487 cir-

327 520 617 571 cumferuntur,
646 520 767 560 modo
797 534 1009 573 pareamus
1039 520 1367 574 apographorum
1397 533 1501 572 quae
1521 519 1675 573 optima
1703 519 1908 559 habentur
1926 519 2184 569 testimoniis,
2214 524 2284 557 aut

326 592 361 631 si
382 606 464 643 qua
478 593 625 632 vitiosa
646 598 741 632 sunt
758 593 800 631 in
819 593 884 642 iis,
900 607 1038 632 eorum
1053 593 1226 645 vestigia
1246 592 1513 632 subtilissima
1534 592 1736 630 anxietate
1753 606 2061 644 persequamur3
2082 605 2282 630 nonnum-

326 678 447 715 quam
469 664 574 703 enim
603 664 674 704 ubi
696 678 744 703 ex
766 663 1095 717 apographorum
1115 663 1305 704 dissensu
1326 664 1549 703 communis
1573 663 1815 715 exemplaris
1845 663 2085 716 scripturam
2115 662 2281 711 erueris,

324 739 395 774 aut
413 734 547 787 ipsum
563 749 702 775 verum
724 741 893 788 apparet
913 740 983 775 aut
1003 735 1114 787 quod
1133 735 1359 788 proximum
1380 740 1441 775 est
1461 749 1485 774 a
1499 748 1609 774 vero.
1647 733 1775 775 Cuius
1797 734 1957 787 generis
1978 734 2073 773 olim
2097 733 2282 786 exempla

322 820 453 859 pauca
473 805 819 860 deprompsimus;
849 806 1077 847 obtinemus
1099 807 1205 847 enim
1226 821 1329 860 quae
1359 806 1662 856 affirmavimus,
1692 820 1725 846 c.
1742 817 1868 856 XXXI,
1890 806 1941 845 36
1969 818 2045 845 nec
2064 807 2183 845 civem
2203 818 2279 844 nec

320 885 444 917 artem
473 877 547 918 sed
576 880 749 918 comitem
779 879 949 932 (bitem),
986 879 1118 932 capite
1149 884 1282 918 autem
1311 889 1422 928 XXII,
1446 878 1494 917 15
1523 885 1669 930 oportet
1698 879 1857 931 (optet),
1893 877 2068 929 denique
2099 889 2132 916 c.
2155 887 2279 925 XXVI,

324 949 373 988 15
404 950 544 989 clamet
573 950 708 1002 (claet)
739 950 925 1003 primitus
956 950 1107 1003 scripta
1135 950 1271 1000 fuisse,
1302 950 1450 1001 quibus
1480 949 1625 1002 positis
1654 949 1808 1001 reliqua
1829 947 2057 988 emendatio
2078 955 2149 987 aut
2168 946 2279 986 nulla

321 1025 384 1060 est
412 1026 482 1060 aut
509 1021 620 1060 nullo
651 1022 815 1075 negotio
845 1022 1063 1075 perficitur.
1108 1021 1231 1061 Nunc
1261 1021 1496 1061 adiiciemus
1527 1021 1683 1060 similia.
1728 1020 1951 1073 Incipimus
1980 1024 2116 1059 autem
2138 1033 2161 1057 a
2179 1019 2277 1057 levi-

321 1091 437 1132 densi
467 1093 719 1132 correctione
749 1108 870 1145 quam
899 1084 1091 1133 ridebunt
1119 1094 1147 1132 ii
1177 1094 1246 1146 qui
1275 1093 1461 1132 nesciant
1488 1093 1599 1132 illam
1628 1091 1873 1131 indefessam
1904 1106 2041 1131 curam
2068 1105 2188 1143 quam
2209 1105 2277 1129 ve-

318 1169 450 1203 terum
478 1164 593 1204 libris
622 1165 856 1218 impendere
887 1165 1009 1204 officii
1038 1165 1168 1205 nostri
1201 1165 1281 1204 hoc
1311 1171 1372 1204 est
1405 1164 1704 1217 philologorum
1734 1163 1931 1203 ducimus.
1991 1162 2140 1216 Capite
2170 1162 2276 1201 enim

318 1248 443 1286 XXIX,
464 1237 488 1275 8
519 1236 560 1275 in
591 1236 792 1276 editorum
819 1237 933 1277 libris
957 1237 1057 1276 haec
1076 1237 1285 1290 leguntur:
1322 1237 1426 1286 Quin
1445 1238 1562 1276 etiam
1582 1237 1660 1289 ipsi
1680 1243 1865 1289 parentes
1894 1250 1961 1275 nec
1984 1235 2181 1288 probitati
2208 1247 2275 1273 ne-

316 1321 391 1360 que
424 1308 632 1347 modestiae
662 1309 856 1361 parvulos
893 1309 1163 1359 assuefaciunt
1196 1309 1262 1348 sed
1297 1309 1480 1348 lasciviae
1518 1315 1555 1347 et
1582 1308 1802 1357 dicacitati,
1837 1321 1910 1360 per
1938 1321 2039 1360 quae
2070 1306 2274 1359 paulatim

316 1379 562 1432 impudentia
591 1380 740 1433 inrepit
766 1387 803 1420 et
829 1380 894 1419 sui
919 1380 1116 1433 alienique
1144 1386 1394 1434 contemptus.
1446 1377 1549 1430 Quis
1580 1377 1829 1431 vituperabit
1857 1377 1982 1418 haec?
2031 1377 2186 1417 Tamen
2214 1376 2275 1416 sic

318 1451 511 1504 scriptum
541 1451 750 1504 reliquisse
770 1452 959 1492 Tacitum
988 1452 1150 1492 minime
1182 1456 1335 1491 certum
1355 1451 1558 1491 videbitur
1588 1451 1623 1490 ei
1653 1451 1722 1503 qui
1751 1450 1936 1490 codicum
1966 1450 2101 1504 apices
2132 1462 2275 1489 excus-

318 1523 437 1571 serit;
476 1537 524 1561 ex
554 1523 702 1574 quibus
732 1523 946 1563 Michaelis
975 1524 1076 1563 haec
1106 1523 1333 1563 adnotavit:
1371 1537 1438 1562 nec
1458 1523 1653 1576 probitati
1680 1522 1910 1572 Leidensis,
1938 1522 2180 1574 improbitati
2207 1534 2274 1559 su-

315 1594 541 1647 perscripto
571 1595 589 1634 l
614 1609 683 1634 nec
702 1595 928 1636 Vaticanus
954 1596 1048 1648 (A),
1077 1610 1145 1635 nec
1172 1595 1420 1650 improbitati
1445 1594 1742 1642 Farnesianus3
1772 1593 1929 1645 reliqua
1957 1608 2062 1645 quae
2092 1592 2192 1632 nihil
2221 1591 2274 1631 ad

315 1679 399 1704 rem
434 1665 590 1706 faciunt
628 1666 861 1706 omittimus.
921 1665 1150 1718 Opinamur
1184 1672 1365 1720 apertum
1404 1679 1512 1715 esse,
1555 1664 1799 1718 improbitati
1837 1679 1886 1704 ex
1923 1664 2126 1704 communi
2161 1664 2272 1702 fonte

316 1734 498 1787 ductum,
527 1735 638 1789 quod
667 1737 857 1790 quoniam
887 1736 1092 1778 adversari
1122 1737 1343 1778 sententiae
1364 1736 1427 1777 vel
1451 1750 1594 1777 caecus
1614 1735 1751 1776 videre
1780 1740 1953 1789 poterat,
1984 1750 2007 1775 a
2028 1739 2270 1784 correctore,

316 1805 489 1847 ducente
518 1808 756 1861 praesertim
785 1809 970 1862 proxima
998 1822 1120 1863 neque
1147 1808 1360 1862 particula,
1391 1808 1704 1861 superimposito
1724 1821 1791 1847 nec
1821 1811 2019 1846 mutatum
2041 1812 2103 1846 est
2131 1806 2172 1844 in
2202 1819 2270 1844 nee

307 1879 509 1931 probitati.
571 1879 695 1930 Quod
726 1894 969 1933 quamquam
999 1881 1181 1933 ineptum
1211 1895 1291 1920 non
1323 1886 1396 1931 est,
1433 1886 1568 1920 tamen
1600 1894 1647 1920 ea
1675 1894 1737 1919 res
1768 1880 1897 1919 nostri
1927 1878 2082 1919 arbitrii
2113 1883 2189 1928 est,
2229 1884 2270 1916 et

315 1951 349 1990 si
379 1951 476 2003 quid
511 1951 761 2004 probabilius
792 1958 854 1993 est
882 1953 923 1992 in
952 1958 1164 2006 promptu,
1199 1953 1510 2006 aspernabimur
1537 1952 1650 1991 illum
1680 1957 1961 1991 correctorem.
2019 1950 2099 1990 Est
2134 1956 2270 1989 autem

313 2022 568 2075 probabilius
605 2037 684 2063 non
715 2025 921 2078 probitati,
959 2024 1071 2076 quod
1109 2038 1199 2064 cum
1237 2025 1295 2064 ita
1333 2031 1537 2064 exaratum
1574 2030 1680 2064 esset
1714 2024 1948 2077 nprobitati,
1993 2022 2092 2062 abiit
2129 2023 2170 2061 in
2209 2024 2269 2061 in-

306 2094 499 2146 probitati
526 2108 574 2134 eo
603 2094 725 2135 modo
755 2110 836 2147 quo
866 2109 899 2135 c.
922 2107 1048 2146 XXIII,
1076 2096 1127 2135 16
1157 2097 1363 2135 sanitatem
1395 2109 1471 2135 non
1490 2094 1681 2145 firmitate
1710 2096 1776 2135 sed
1802 2095 1948 2134 ieiunio
1977 2100 2271 2147 consequuntur

313 2179 386 2218 pro
415 2167 645 2206 necessaria
674 2167 874 2220 scriptura
902 2181 979 2207 non
997 2167 1190 2217 firmitate
1218 2167 1260 2206 in
1286 2167 1320 2207 F
1324 2167 1535 2207 amesiano
1565 2167 1669 2207 libro
1698 2166 1976 2217 infirmitatem,
2006 2166 2049 2204 in
2068 2165 2270 2205 Vaticano

315 2250 406 2275 cum
426 2235 622 2276 Leidensi
651 2238 847 2290 gliscente
877 2252 1012 2278 errore
1041 2243 1249 2278 exaratum
1279 2243 1341 2277 est
1369 2238 1720 2291 infirmitatemque.
1765 2238 1821 2276 Et
1844 2237 1941 2289 quid
1971 2238 2174 2276 lucramur
2194 2237 2271 2276 hac

315 2307 541 2347 admirabili
570 2309 803 2348 coniectura
832 2324 913 2361 qua
941 2324 1018 2350 non
1047 2310 1257 2362 reponitur
1284 2324 1359 2362 pro
1380 2309 1475 2349 nec?
1523 2310 1681 2361 Nempe
1711 2309 1789 2348 hoc
1818 2309 2034 2358 lucramur,
2062 2314 2108 2347 ut
2138 2309 2271 2360 aptior

317 2378 464 2418 evadat
493 2380 622 2419 oratio
652 2384 692 2419 et
720 2379 841 2420 huius
871 2381 1077 2434 scriptoris
1106 2382 1209 2420 mori
1240 2380 1551 2420 convenientior.
1597 2380 1704 2420 Nam
1734 2380 1835 2419 haec
1863 2380 1967 2419 inter
1986 2394 2029 2420 se
2058 2394 2270 2432 opponun-

315 2455 381 2489 tur
408 2465 488 2490 non
518 2451 711 2504 probitati
744 2453 810 2491 secl
847 2453 1047 2502 lasciviae,
1086 2452 1144 2491 illi
1181 2457 1315 2491 autem
1352 2466 1424 2505 per
1452 2466 1574 2505 neque
1602 2452 1773 2491 alterum
1811 2451 2041 2491 adnectitur
2068 2452 2267 2491 modestia.

314 2522 372 2561 Et
401 2523 459 2562 sic
489 2523 597 2562 solet
624 2523 792 2562 Tacitus
821 2523 863 2562 in
892 2523 970 2563 hoc
998 2523 1122 2563 libro:
1154 2538 1187 2563 c.
1209 2536 1288 2574 XII,
1308 2526 1333 2563 4
1363 2538 1440 2563 non
1470 2525 1513 2562 in
1542 2525 1703 2577 strepitu
1733 2538 1801 2562 nec
1830 2525 1981 2562 sedente
2008 2531 2100 2562 ante
2127 2525 2268 2563 ostium

315 2594 509 2647 litiyatore
537 2596 715 2635 carmina
744 2603 1031 2648 componuntur
1049 2596 1117 2635 sed
1145 2596 1286 2635 secedit
1308 2597 1464 2635 animus
1490 2597 1534 2634 in
1556 2596 1639 2634 loca
1661 2609 1795 2648 pura,·
1826 2609 1859 2633 c,
1882 2607 1974 2645 XIX,
1997 2597 2020 2634 5
2050 2609 2126 2634 non
2155 2595 2268 2645 infir-

315 2667 449 2705 mitate
475 2668 627 2719 inqenii
654 2681 721 2706 nec
749 2669 907 2706 inscitia
939 2669 1157 2711 litterarum
1188 2669 1430 2706 transtulisse
1457 2682 1494 2706 se
1522 2668 1578 2706 ad
1604 2668 1710 2706 illud
1738 2668 1896 2706 dicendi
1916 2681 2040 2720 yenus
2069 2669 2135 2706 sed
2162 2668 2268 2706 iudi-

315 2738 374 2775 cio
403 2744 440 2775 et
465 2738 684 2785 intellectu‚·
722 2752 755 2777 c.
778 2750 873 2789 XXI,
900 2740 955 2778 40
983 2753 1062 2779 non
1092 2741 1261 2779 eminent
1288 2752 1407 2778 venae
1440 2752 1506 2777 nec
1535 2751 1620 2776 ossa
1650 2745 1913 2776 numerantur
1941 2739 2009 2777 secl
2039 2746 2268 2791 temperatus

315 2822 365 2847 ac
393 2809 512 2848 bonus
540 2811 704 2862 sanquis
731 2811 867 2863 implet
892 2811 1061 2850 membra
1069 2826 1082 2859 ;
1112 2824 1146 2850 c.
1167 2822 1292 2860 XXIX,
1316 2811 1365 2848 19
1396 2810 1587 2861 colliyunt
1614 2809 1825 2861 discipulos
1855 2823 1934 2848 non
1961 2811 2160 2848 severitate
2188 2811 2270 2848 dis-

315 2881 484 2933 ciplinae
511 2894 579 2919 nec
607 2881 757 2933 inqenii
783 2882 1035 2934 experimento
1073 2883 1139 2921 secl
1165 2881 1376 2921 ambitione
1403 2881 1685 2919 salutationum
1721 2888 1758 2919 et
1791 2880 1976 2920 illecebris
2004 2881 2270 2929 adulationis,-

316 2964 350 2989 ο.
372 2963 498 3001 XXXI,
520 2953 544 2990 2
573 2952 847 3005 intelleqebant
873 2966 971 3005 opus
991 2967 1068 2993 esse
1097 2967 1175 2992 non
1205 2960 1250 2992 ut
1277 2955 1320 2991 in
1349 2953 1543 2991 rhetorum
1567 2952 1704 2990 scholis
1725 2952 1988 2991 declamarent
2014 2967 2079 2992 nec
2100 2961 2146 2991 ut
2162 2953 2270 3002 fictis

316 3025 579 3063 controversiis
608 3024 788 3076 linquam
816 3026 928 3064 modo
957 3033 994 3063 et
1021 3039 1146 3064 vocem
1175 3032 1389 3064 emerem-ent
1417 3025 1482 3064 secl
1514 3031 1559 3063 ut
1586 3025 1666 3062 illis
1694 3023 1847 3062 artibus
1878 3032 2015 3076 pectus
2043 3026 2270 3078 implerent,-
