2606 3551
1268 283 1322 325 13

318 410 482 449 istorum
511 410 584 461 qui
608 409 773 448 rhetores
802 417 1013 457 vocantur-3
1052 421 1147 462 quos
1175 409 1316 461 paullo
1345 416 1434 449 ante
1466 408 1659 449 Ciceronis
1690 416 1857 461 tempora
1888 408 2053 448 extitisse
2082 422 2149 448 nec
2179 407 2273 462 pla-

320 481 442 520 cuisse
470 479 684 519 maioribus
712 480 854 519 nostris
890 492 936 519 ex
965 493 1005 519 eo
1035 478 1283 530 manifestum
1319 486 1374 519 est
1407 480 1514 533 quod
1540 480 1597 519 M.
1624 478 1764 519 Crasso
1794 487 1829 518 et
1856 479 2026 518 Domitio
2056 480 2275 518 censoribus

319 553 473 592 cludere
500 558 547 590 ut
572 553 633 590 ait
663 551 793 591 Cicero
824 552 960 590 ludum
988 552 1254 603 impudentiae
1288 552 1387 590 iussi
1412 558 1514 590 sunt.
1573 550 1652 591 Sed
1680 558 1725 589 ut
1752 552 1877 590 dicere
1904 552 2171 599 institueram,
2210 552 2275 589 de-

322 624 525 663 ducuntur
550 624 595 661 in
624 622 773 662 scholas
803 647 858 672 —,
893 622 956 672 iis,
995 636 1240 674 quamquam
1269 621 1394 662 verba
1424 622 1674 675 conspirant,
1709 636 1784 661 nec
1814 621 2056 674 promissum
2086 621 2154 661 illo
2184 622 2274 662 loco

322 694 460 735 datum
499 694 671 734 exsolvit
699 708 833 746 neque
870 693 923 734 ad
960 694 1061 734 haec
1098 694 1299 747 respicere
1336 694 1377 733 in
1408 694 1590 733 oratione
1627 693 1756 747 prima
1785 693 1948 733 omnino
1985 693 2132 746 potuit.
2192 692 2277 734 Sed

323 766 453 805 omnis
483 766 553 804 illa
582 764 782 804 dubitatio
812 765 1076 817 interpretum
1105 771 1200 804 nata
1229 770 1291 804 est
1322 779 1371 804 ex
1401 779 1447 804 eo
1478 765 1574 816 quia
1597 779 1698 815 quas
1730 765 1906 803 rationes
1925 765 2093 803 Tacitus
2123 766 2165 802 in
2195 765 2277 803 dis-

322 836 538 876 tribuenda
566 835 783 875 Messallae
814 836 995 874 oratione
1026 841 1188 875 secutus
1220 841 1282 875 est
1317 850 1399 875 non
1438 836 1537 875 satis
1569 840 1723 875 attente
1753 841 2056 887 perspexerunt.
2112 835 2276 874 Etenim

324 907 522 948 Messalla
550 912 815 959 posteaquam
845 912 1025 947 veterum
1056 912 1262 947 oratorum
1292 906 1428 948 studia
1448 907 1662 957 enarravit,
1693 921 1795 959 quae
1824 906 1903 946 iam
1933 906 2197 960 negliguntur
2227 906 2277 946 ab

324 979 394 1029 iis,
433 977 501 1030 qui
531 990 689 1016 omnem
720 977 891 1017 salutem
921 991 944 1017 a
973 978 1180 1017 rhetorum
1210 977 1360 1018 scholis
1390 983 1555 1030 petunt,
1589 978 1666 1017 hac
1695 991 1776 1016 una
1809 982 1848 1016 et
1877 978 2005 1029 prima
2035 977 2279 1030 depravatae

327 1049 580 1102 eloquentiae
612 1062 734 1089 causa
765 1050 964 1101 exposita,
996 1050 1130 1090 subito
1160 1050 1282 1089 finem
1310 1050 1480 1103 imponit
1509 1050 1683 1089 orationi
1714 1051 1767 1101 (c.
1789 1060 1931 1098 xxxn,
1962 1049 2048 1101 34),
2087 1049 2180 1088 dein
2212 1064 2279 1088 ex-

327 1122 473 1161 citatus
495 1136 519 1160 a
538 1120 727 1160 Materno
757 1135 905 1160 novum
935 1122 1011 1161 iter
1039 1121 1199 1162 ordiens
1231 1123 1460 1174 (c.xxxm‚
1486 1123 1519 1160 1.
1545 1122 1614 1174 15)
1646 1136 1736 1161 eum
1766 1121 1991 1160 utilissimis
2022 1121 2279 1173 antiquorum

328 1198 532 1232 oratorum
572 1192 929 1232 exercitationibus
963 1193 1192 1233 forensibus
1231 1193 1371 1232 inanes
1409 1192 1641 1232 scholarum
1679 1192 1994 1232 declamationes
2033 1207 2137 1244 quae
2174 1206 2281 1231 nunc

327 1265 469 1316 vigent
497 1263 633 1302 dedita
663 1278 784 1315 opera
815 1266 1034 1316 componit.
1080 1265 1224 1316 Itaque
1254 1265 1404 1303 factum
1435 1270 1498 1304 est
1528 1270 1573 1302 ut
1602 1264 1652 1303 de
1682 1264 1890 1312 rhetorum
1921 1264 2028 1303 curis
2059 1263 2167 1315 apud
2197 1279 2280 1302 ma-

328 1335 434 1373 iores
456 1334 699 1386 contemptis
720 1333 925 1374 definitius
954 1334 996 1373 in
1026 1334 1104 1374 hac
1127 1334 1255 1374 altera
1284 1334 1465 1374 oratione
1495 1334 1696 1387 agendum
1727 1340 1848 1383 esset,
1881 1349 1971 1374 cum
2000 1340 2135 1375 tamen
2166 1348 2281 1386 aper-

328 1410 414 1444 tum
459 1404 511 1445 sit
547 1399 745 1445 nouorum
781 1403 1096 1445 declamationes
1134 1404 1398 1446 scholasticas
1441 1410 1524 1444 tam
1561 1410 1741 1445 veterum
1786 1404 1931 1445 studiis
1976 1405 2121 1444 artium
2159 1419 2279 1457 quam

330 1475 548 1515 eorundem
585 1476 676 1515 usui
711 1476 862 1515 forensi
897 1477 1106 1528 oppositas
1147 1490 1236 1515 esse
1276 1490 1423 1527 easque
1468 1476 1546 1514 hoc
1583 1477 1743 1515 nomine
1781 1492 1804 1514 a
1840 1477 2038 1515 Messalla
2076 1477 2196 1514 etiam
2240 1477 2281 1513 in

329 1547 459 1599 prima
488 1547 669 1585 oratione
698 1547 929 1599 perstringi,
959 1547 1000 1585 id
1022 1546 1130 1597 quod
1161 1561 1204 1585 se
1233 1548 1432 1586 facturum
1458 1561 1544 1586 esse
1573 1553 1682 1586 recte
1712 1548 1918 1598 professus
1941 1554 2003 1586 est
2032 1547 2110 1585 illis
2132 1547 2280 1595 verbis,

331 1633 433 1670 quae
464 1617 582 1658 nobis
612 1617 712 1657 haec
742 1617 988 1657 edisserendi
1018 1632 1140 1657 causa
1169 1618 1341 1657 suerunt.

518 1688 788 1742 Properamus
827 1689 878 1729 ad
914 1689 1034 1729 finem
1064 1688 1361 1741 disputationis.
1419 1689 1563 1741 Itaque
1594 1690 1743 1729 omissa
1779 1703 1991 1729 causarum
2028 1689 2281 1742 expositione

331 1761 508 1800 breviter
536 1760 649 1799 locos
680 1760 796 1809 duos,
834 1761 1172 1812 quemadmodum
1204 1767 1395 1813 putamus
1425 1762 1547 1800 scribi
1578 1767 1778 1813 oportere,
1820 1775 2083 1813 apponemus.
2143 1763 2284 1813 Appa-

332 1833 436 1872 rebit
465 1838 600 1871 autem
631 1846 679 1871 ex
709 1832 798 1884 ipsa
826 1847 888 1882 re,
926 1832 1098 1872 maxime
1134 1832 1169 1872 si
1209 1832 1299 1884 quis
1333 1831 1434 1871 haec
1464 1838 1602 1872 nostra
1632 1832 1970 1872 contulerit'cum
2002 1832 2050 1872 iis
2081 1846 2184 1885 quae
2215 1831 2285 1872 ad-

334 1903 413 1942 huc
449 1903 692 1955 probantur,
731 1916 806 1942 nos
840 1903 904 1942 his
935 1916 1095 1955 quoque
1126 1903 1403 1942 conaminibus
1433 1904 1614 1955 impense
1653 1904 1731 1942 hoc
1761 1917 1879 1956 agere
1911 1909 1957 1941 ut
1986 1917 2106 1954 quam
2135 1903 2286 1955 plenis-

335 1975 432 2013 sime
462 1974 635 2012 traditae
666 1975 891 2026 scripturae
921 1975 1104 2013 satisfiat.
1151 1974 1235 2014 Sed
1263 1974 1373 2026 prior
1392 1973 1535 2012 horum
1556 1974 1737 2013 locorum
1759 1980 1822 2013 est
1851 1974 1984 2026 capite
2005 1986 2080 2022 v11,
2104 1974 2153 2013 13
2182 1973 2287 2022 Quid

324 2046 446 2094 fania
475 2053 512 2084 et
540 2046 628 2084 laus
655 2047 768 2084 euius
796 2047 895 2084 artis
924 2061 1012 2084 cum
1041 2053 1241 2085 oratorum
1265 2046 1396 2097 yloria
1426 2046 1694 2097 comparanda
1721 2054 1786 2095 esc,
1817 2047 1888 2098 qui
1915 2060 1993 2085 non
2026 2065 2043 2082 s
2065 2065 2082 2082 ι
2115 2046 2286 2085 illustres

336 2124 371 2157 et
399 2117 442 2157 in
472 2116 565 2157 urbe
593 2131 671 2157 non
700 2116 824 2157 solum
858 2117 970 2170 apud
999 2117 1206 2170 neyotiosos
1245 2123 1281 2157 et
1316 2115 1427 2157 rebus
1461 2116 1626 2157 intentos
1662 2116 1729 2157 sed
1764 2117 1880 2157 etiam
1916 2116 2027 2170 apud
2061 2117 2213 2157 iuvenes
2252 2123 2288 2157 et

335 2188 588 2227 adolescentes
617 2188 757 2241 quibus
786 2189 897 2228 modo
933 2195 1035 2227 reeta
1065 2195 1102 2227 et
1128 2188 1277 2227 indoles
1305 2195 1360 2226 est
1386 2195 1422 2226 et
1454 2187 1553 2226 bona
1583 2201 1665 2240 spes
1694 2190 1767 2226 sui.
1828 2188 1993 2226 Nullam
2022 2188 2196 2226 litteram
2228 2189 2287 2225 in-

335 2258 519 2296 fleximus
550 2258 622 2297 sed
652 2259 834 2296 defectus
864 2258 1057 2296 indicium
1087 2260 1273 2307 fecimus,
1311 2273 1431 2309 quem
1461 2260 1634 2310 vestigia
1662 2260 1878 2296 memoriae
1910 2266 2074 2297 secutus
2109 2260 2150 2296 in
2180 2260 2288 2297 hunc

335 2331 418 2369 fere
456 2330 619 2368 modum
657 2330 766 2368 haud
800 2330 1120 2380 improbabiliter
1155 2330 1371 2369 resarcias:
1409 2332 1481 2381 qui
1515 2344 1594 2368 non
1633 2331 1689 2382 [in
1720 2330 1817 2369 urbe
1848 2329 1968 2368 modo
2006 2328 2079 2369 sed
2116 2322 2159 2368 in
2188 2330 2287 2370 orbe

337 2401 448 2453 sunt]
479 2401 661 2449 illustres,
692 2408 728 2439 et
754 2402 796 2439 in
827 2400 920 2440 urbe
948 2414 1027 2439 non
1056 2400 1180 2440 solum
1208 2401 1320 2453 apud
1349 2402 1558 2453 negotiosos
1586 2401 1653 2440 sed
1674 2401 1789 2440 etiam
1817 2401 1927 2452 apud
1953 2401 2120 2440 iuvenes.
2168 2399 2288 2440 Certe

337 2471 443 2512 hanc
473 2470 674 2525 duplicem
704 2485 823 2524 quam
854 2470 1059 2511 effecimus
1089 2471 1328 2511 sententiam
1359 2471 1484 2510 multa
1513 2476 1607 2510 sunt
1642 2471 1682 2509 in
1717 2471 1805 2524 ipso
1836 2470 1998 2525 dialogo
2030 2486 2132 2524 quae
2164 2471 2289 2511 stabi-

338 2543 436 2582 liant
465 2549 505 2582 et
534 2543 787 2592 confirment,
818 2557 865 2581 ex
887 2543 1034 2593 quibus
1057 2543 1239 2581 attulisse
1270 2557 1393 2581 unum
1422 2557 1504 2581 non
1534 2543 1675 2581 inutile
1703 2544 1791 2591 erit,
1822 2558 1855 2581 c.
1874 2555 1915 2592 v,
1937 2545 1990 2582 20
2019 2545 2192 2582 studium
2213 2558 2289 2596 quo

336 2628 416 2652 non
445 2615 562 2652 aliud
592 2644 600 2652 .
619 2644 627 2652 .
659 2614 718 2652 vel
744 2614 800 2651 ad
820 2613 925 2651 urbis
944 2612 1102 2662 famam
1125 2613 1333 2665 pulchrius
1361 2614 1421 2652 vel
1449 2614 1504 2651 ad
1530 2615 1644 2652 totius
1673 2615 1827 2665 imperii
1856 2621 1971 2666 atque
1999 2616 2172 2653 omnium
2196 2629 2291 2666 yen-

340 2686 436 2723 tium
465 2685 645 2723 notitiam
673 2685 867 2724 illustrius
895 2685 1107 2737 excoqitari
1128 2691 1263 2737 potest.
1314 2683 1433 2723 Alter
1462 2689 1594 2723 autem
1624 2683 1749 2723 verba
1778 2689 1872 2723 sunt
1900 2685 2003 2737 Apri
2032 2685 2194 2723 ineunte
2225 2698 2289 2723 ca-

337 2755 420 2808 pite
439 2767 532 2805 XXI,
562 2770 665 2807 quae
696 2756 754 2796 sic
775 2755 1007 2796 scribimus:
1039 2755 1233 2808 Equidem
1253 2753 1410 2805 fatebor
1428 2755 1531 2794 vobis
1560 2756 1784 2808 simpliciter
1804 2770 1862 2794 me
1890 2757 1933 2794 in
1953 2756 2187 2809 quibusdam
2217 2770 2290 2794 an-

339 2828 535 2879 tiquorum
570 2828 636 2865 via:
670 2828 813 2876 risum,
853 2828 897 2865 in
933 2827 1169 2878 quibusdam
1204 2834 1333 2865 autem
1370 2828 1436 2865 vix
1471 2841 1649 2865 somnum
1687 2834 1820 2865 tenere.
1880 2841 1948 2865 nec
1983 2841 2105 2865 unum
2141 2827 2186 2864 de
2221 2840 2293 2878 po-

331 2898 430 2950 pulo
462 2915 481 2933 ³*
500 2915 519 2934 s
556 2896 704 2936 Canuti
730 2904 804 2936 aut
830 2897 920 2936 Atti
946 2898 992 2936 de
1020 2897 1173 2936 Furnio
1202 2904 1238 2936 et
1272 2896 1442 2936 Toranio
1476 2899 1620 2949 quique
1648 2898 1747 2936 alios
1775 2899 1818 2935 in
1848 2898 1975 2936 eodem
2003 2898 2292 2935 valetudinario

342 2969 429 3021 [ob]
461 2968 553 3006 haec
582 2981 667 3006 ossa
697 2976 734 3006 ec
761 2969 861 3006 lianc
890 2969 1051 3006 maciem
1080 2968 1274 3020 probant.-
1312 2969 1394 3020 ipse
1421 2968 1518 3005 mihi
1549 2969 1710 3016 Calvus,
1749 2984 1835 3007 cum
1865 2983 1987 3006 unum
2017 2975 2052 3006 et
2080 2969 2222 3019 viyinti
2249 2976 2294 3006 ut

333 3046 433 3092 puio
471 3039 586 3078 libros
622 3039 839 3091 reliquerit,
875 3040 941 3078 vix
974 3040 1016 3078 in
1055 3054 1137 3077 una
1177 3046 1214 3078 et
1248 3039 1373 3078 altera
1403 3040 1653 3078 oratiuncula
1689 3040 1785 3077 satis
1813 3037 1927 3088 facit,
1986 3037 2221 3078 Adiecimus
2251 3039 2295 3078 ob
