2606 3551
1291 235 1316 275 (3

313 365 426 411 potes
448 358 599 399 ‘invitae
622 356 770 399 Cewris
795 372 915 412 yener
943 372 1043 399 esse.-
1072 358 1253 412 royanda
1278 356 1372 398 Non
1400 358 1594 411 rapienda
1616 354 1722 409 fui&
1752 361 1793 397 et
1822 357 1861 407 6,
1883 357 1958 397 701
1993 371 2171 411 socerque
2191 356 2286 397 Non

320 431 497 471 orandus
525 436 622 482 erat,
652 431 693 471 vi
720 431 787 471 sed
806 429 1022 483 faciendus
1041 430 1291 471 Erechtheus.
1337 428 1479 471 Simile
1507 429 1663 481 vitium,
1692 428 1733 469 ni
1763 428 1953 480 fallimur,
1984 428 2154 470 alterum
2185 429 2285 471 alte-

320 503 403 542 rius
434 503 622 543 carminis
652 503 910 557 Propertiani
939 516 1101 542 versum
1130 502 1270 542 infecit
1298 513 1363 553 111,
1387 502 1423 541 8.

765 575 913 613 Dulcis
943 574 995 613 ad
1024 574 1237 613 hesternas
1267 574 1400 613 fuerat
1430 573 1528 612 mihi
1556 573 1644 612 rixa
1672 573 1873 623 lucernas,

829 645 955 685 Vocis
985 650 1025 684 et
1053 645 1220 685 insanae
1249 649 1313 684 tot
1341 644 1557 684 maledicta
1584 650 1691 684 tuae.

765 717 852 757 Cur
880 715 1100 757 furibunda
1129 730 1240 756 mero
1269 730 1450 757 mensam
1479 716 1690 769 propellis,
1720 722 1761 757 et
1790 717 1831 757 in
1861 731 1924 757 me

826 788 999 829 Proiicis
1028 788 1173 829 insana
1203 788 1363 842 cymbia
1392 788 1512 841 plena
1540 787 1689 829 manu?

680 862 703 899 5
762 860 825 900 Tu
856 874 951 915 vero
982 866 1146 901 nostros
1177 859 1309 900 audax
1339 859 1486 900 invade
1517 860 1701 913 capillos,

825 932 883 972 Et
911 947 1000 973 mea
1029 932 1220 972 formosis
1250 931 1456 985 unguibus
1487 946 1559 971 ora
1587 937 1700 982 nota,

761 1004 825 1043 Tu
855 1004 1039 1043 minitare
1070 1004 1211 1044 oculos
1241 1003 1425 1043 subiecta
1454 1018 1622 1043 exurere
1652 1003 1826 1053 flamma,

826 1075 862 1114 F
865 1089 913 1114 ac
942 1090 1031 1114 mea
1060 1076 1233 1115 rescisso
1264 1081 1432 1127 pectora
1461 1075 1571 1114 nuda
1600 1075 1702 1114 sinu.

764 1147 967 1186 Nimirum
999 1147 1082 1186 veri
1113 1147 1262 1186 dantur
1289 1147 1388 1186 mihi
1418 1147 1536 1200 signa
1566 1147 1730 1187 caloris:

651 1221 703 1258 10
825 1219 932 1259 Nam
963 1219 1049 1259 sine
1081 1234 1217 1258 amore
1248 1219 1363 1272 gravi
1392 1219 1542 1258 femina
1570 1219 1681 1258 nulla
1710 1218 1833 1258 dolet.

764 1290 881 1341 Quae
912 1290 1054 1330 mulier
1082 1290 1226 1331 rabida
1254 1291 1380 1330 iactat
1410 1290 1596 1330 convicia
1624 1291 1763 1344 lingua
1792 1316 1843 1321 —«
1877 1315 1927 1320 —

762 1361 841 1402 His
872 1376 948 1416 ego
978 1361 1189 1402 tormentis
1219 1361 1340 1401 animi
1370 1376 1460 1402 sum
1490 1376 1610 1402 verus
1641 1376 1831 1415 aruspex,

825 1434 914 1475 Has
945 1434 1070 1474 didici
1101 1439 1212 1474 certo
1244 1448 1366 1487 saepe
1397 1435 1436 1473 in
1467 1448 1603 1473 amore
1631 1439 1761 1473 notas.

762 1507 858 1545 Non
891 1511 953 1545 est
983 1511 1093 1545 certa
1120 1506 1237 1555 fides,
1269 1520 1390 1557 quam
1420 1520 1501 1545 non
1531 1506 1678 1545 iniuria
1706 1511 1853 1545 versat.

651 1578 703 1616 ‘20
824 1578 1029 1618 Hostibus
1060 1578 1219 1617 eveniat
1249 1578 1360 1617 lenta
1388 1578 1523 1630 puella
1552 1578 1665 1617 meis.

317 1649 454 1689 Paene
484 1653 616 1688 totum
639 1663 801 1688 carmen
822 1647 1124 1700 descripsimus.
1170 1649 1308 1699 Atque
1340 1655 1402 1689 est
1432 1664 1529 1688 sane
1553 1648 1825 1688 necessarium
1845 1648 1972 1688 totius
1994 1648 2148 1700 elegiae
2168 1654 2282 1688 teno-

317 1735 401 1760 rem
423 1725 461 1760 et
482 1718 697 1760 consilium
725 1718 904 1773 perspici
925 1724 970 1758 ut
991 1718 1042 1759 de
1064 1733 1145 1759 uno
1167 1733 1288 1759 versu
1309 1725 1417 1760 recte
1438 1718 1639 1759 iudicetur
1658 1718 1976 1769 undevicesimo,
2006 1732 2084 1759 non
2104 1726 2159 1759 esc
2176 1726 2281 1759 certa

305 1791 421 1841 fides,
451 1805 571 1844 quam
601 1804 680 1830 non
699 1792 851 1830 iniuria
872 1797 1012 1829 versat.
1060 1789 1142 1839 Qui
1172 1796 1217 1829 ut
1245 1791 1325 1844 legi
1357 1791 1462 1830 solet
1482 1790 1550 1829 vix
1571 1791 1845 1843 suspicionem
1866 1790 1952 1829 vitii
1980 1795 2175 1840 moveret,
2204 1790 2282 1830 nisi

314 1863 614 1916 Neapolitanus
651 1862 771 1912 liber,
811 1862 875 1901 cui
913 1862 1132 1914 plurimum
1168 1862 1347 1902 tribuere
1380 1876 1459 1902 nos
1497 1862 1677 1902 nondum
1707 1862 1921 1912 desiimus,
1958 1862 2078 1901 aliam
2108 1862 2282 1915 scriptu-

313 1949 412 1985 ram,
442 1949 524 1974 non
553 1936 707 1973 iniuria
739 1933 812 1974 sed
830 1936 1023 1987 iniuryia,
1055 1934 1235 1982 offerret3
1266 1934 1306 1973 id
1330 1934 1440 1986 quod
1470 1949 1550 1973 non
1581 1939 1716 1987 potest
1744 1947 1825 1972 non
1847 1933 2055 1973 advertere
2078 1948 2183 1984 eum,
2214 1935 2282 1986 qui

313 2007 420 2047 unde
459 2007 667 2060 profectus
705 2007 759 2046 sit
797 2011 920 2059 poeta
954 2012 1001 2045 ut
1037 2021 1112 2059 par
1149 2012 1210 2046 est
1249 2005 1478 2046 attenderit.
1538 2007 1604 2045 De
1641 2006 1782 2059 iurgiis
1820 2006 1925 2045 enim
1964 2011 2004 2045 et
2033 2006 2227 2046 conviciis
2259 2021 2283 2046 a

315 2077 494 2130 Cynthia
530 2078 571 2117 in
609 2092 652 2118 se
692 2077 810 2117 iactis
848 2077 883 2117 is
922 2077 999 2117 sibi
1036 2077 1285 2130 gratulatur,
1324 2078 1515 2129 quoniam
1553 2092 1602 2117 ex
1638 2077 1687 2117 iis
1718 2090 1813 2117 vero
1852 2090 1939 2116 eam
1970 2091 2106 2116 amore
2136 2077 2280 2117 torreri

313 2149 528 2203 augurium
559 2149 680 2201 capit.
738 2147 885 2201 Itaque
916 2148 1018 2188 illud
1047 2148 1240 2188 indicium
1277 2149 1502 2201 persecuti,
1540 2149 1620 2188 leni
1652 2162 1795 2201 opera,
1832 2162 1906 2201 pro
1935 2155 2064 2188 versat
2091 2153 2279 2201 transpo-

313 2220 403 2260 sitis
432 2220 581 2260 litteris
612 2219 829 2259 scribendo
859 2227 999 2269 vertas,
1030 2219 1304 2259 nanciscimur
1334 2220 1571 2259 sententiam
1602 2234 1705 2271 quae
1734 2219 1891 2269 melius,
1923 2227 2033 2258 certe
2065 2234 2147 2258 non
2172 2219 2281 2259 dete-

311 2292 416 2341 rius,
457 2306 577 2343 quam
618 2291 728 2343 quod
766 2290 901 2330 adhuc
931 2292 1142 2344 vulgatur,
1182 2290 1233 2329 ad
1263 2296 1438 2330 mentem
1478 2296 1622 2342 poetae
1651 2291 1768 2330 facit:
1808 2291 1903 2330 Non
1939 2298 1995 2329 est
2029 2298 2134 2330 certa
2162 2291 2278 2341 fides,

311 2377 431 2416 quam
470 2376 549 2402 non
585 2364 627 2401 in
663 2363 795 2416 iuryia
835 2369 972 2402 vertas.
1031 2361 1110 2401 His
1147 2360 1296 2401 addere
1333 2361 1569 2401 volebamus
1608 2360 1789 2401 eiusdem
1826 2361 1986 2415 generis
2024 2362 2277 2415 corruptelae

312 2434 542 2487 exemplum
578 2434 741 2472 tertium
778 2448 828 2473 ex
857 2434 992 2473 Plauti
1023 2433 1200 2487 Epidico
1231 2433 1449 2485 repetitum
1479 2444 1513 2471 11
1535 2434 1572 2482 2,
1599 2434 1673 2472 103
1708 2433 1814 2486 Opus
1843 2440 1899 2472 est
1927 2434 2077 2472 homine
2111 2435 2183 2486 qui
2208 2435 2277 2473 illo

310 2512 519 2558 arqentum
549 2504 701 2555 deferat
728 2519 806 2558 pro
832 2504 1017 2555 fidicina.
1056 2504 1167 2544 Nam
1209 2512 1241 2543 te
1276 2506 1365 2543 nolo
1395 2518 1517 2558 neque
1551 2519 1645 2557 opus
1672 2504 1829 2554 factost.
1889 2504 1960 2545 Sic
1991 2505 2097 2544 enim
2129 2513 2161 2544 te
2190 2506 2276 2544 nolo

310 2575 573 2617 scribendum
595 2590 684 2616 esse
715 2576 870 2629 pridem
892 2577 1010 2616 nobis
1037 2590 1371 2629 persuaseramus
1403 2575 1513 2627 quod
1537 2576 1577 2615 in
1597 2576 1710 2616 libris
1741 2591 1813 2629 per
1833 2576 2001 2616 similem
2022 2576 2277 2616 metathesim

308 2649 534 2687 litterarum
565 2647 826 2700 depravatum
857 2648 1029 2688 habetur
1060 2650 1192 2687 telone.
1252 2648 1335 2688 Sed
1364 2661 1473 2686 nunc
1503 2647 1598 2686 (lum
1629 2649 1843 2687 scribimus
1874 2648 1952 2687 hoc
1984 2649 2034 2688 ab
2063 2648 2276 2701 Ussingio,

310 2720 380 2771 qui
418 2718 524 2757 hanc
559 2718 737 2758 fabulam
782 2719 1011 2772 nuperrime
1048 2734 1071 2758 a
1107 2734 1151 2758 se
1188 2719 1440 2771 recognitam
1483 2718 1626 2767 edidit,
1670 2733 1758 2758 esse
1795 2724 2039 2770 occupatum
2078 2718 2274 2759 videmus.

310 2789 448 2840 Quare
478 2789 670 2841 quoniam
707 2790 747 2828 in
778 2790 854 2829 hac
883 2796 998 2842 parte
1027 2788 1238 2841 ὑστεροῦμεν
1267 2795 1313 2828 ut
1342 2790 1409 2838 fit,
1447 2795 1487 2828 et
1523 2789 1628 2828 hanc
1666 2790 1939 2828 coniecturam
1976 2790 2197 2829 omittimus
2236 2795 2276 2829 et

309 2875 414 2912 quae
450 2866 663 2913 praeterea
692 2860 742 2900 de
771 2866 859 2900 toto
897 2861 989 2900 loeo
1020 2862 1181 2901 minime
1217 2861 1297 2900 iam
1334 2860 1452 2913 plane
1490 2860 1698 2913 expedito,
1736 2875 1759 2899 a
1790 2860 1961 2900 Goetzio
1993 2865 2127 2900 autem
2156 2860 2273 2900 valde

306 2932 543 2984 perturbato
574 2932 798 2984 exposituri
827 2946 998 2972 eramus.

498 3003 567 3042 Ad
588 3003 810 3058 Dialogum
840 3003 947 3044 unde
979 3005 1134 3058 egressi
1166 3018 1305 3044 sumus
1336 3004 1590 3054 revertimur,
1622 3003 1901 3056 addemusque
1932 3003 2107 3057 paucula
2128 3003 2275 3056 quibus
