2606 3551
1294 276 1351 321 10

340 402 522 439 rectione
554 401 723 453 defungi
754 401 888 439 liceat.
946 401 994 439 In
1024 401 1190 452 reliquis
1221 416 1325 452 quae
1356 400 1542 442 seiuncta
1572 406 1667 440 sunt
1697 399 1747 440 ab
1776 398 1854 440 hac
1884 413 2042 440 summa
2072 399 2308 451 quaestione

334 486 411 512 nos
443 470 545 512 nihil
575 476 771 512 novatum
802 471 919 513 imus.
974 471 1082 513 Nam
1114 471 1226 525 quod
1255 471 1355 513 dicit
1374 471 1542 513 Tacitus
1571 485 1648 526 quo
1676 471 1805 512 maior
1832 470 2086 511 adversarius
2115 478 2151 511 et
2177 472 2309 511 acrior

338 545 411 597 qui
432 558 597 598 puqnas
626 544 700 584 sibi
726 546 834 599 ipsas
855 545 1120 599 desumpserit,
1151 544 1189 584 h.
1209 558 1243 584 e.
1266 558 1347 597 quo
1372 544 1499 583 maior
1519 549 1582 583 est
1602 548 1744 583 contra
1763 557 1882 595 quem
1903 543 1994 594 quis
2016 547 2056 582 et
2077 557 2158 595 quo
2179 544 2311 582 acrior

340 621 401 655 est
432 616 501 668 qui
534 622 678 656 contra
706 616 819 655 illum
849 616 1108 670 pugnaverit,
1139 615 1240 655 haec
1270 621 1312 655 et
1341 616 1588 655 conveniens
1619 621 1681 654 est
1711 615 1882 654 oratoris
1909 615 2080 654 consilio
2111 615 2309 654 sententia

335 693 376 727 et
405 688 528 726 unius
562 687 776 727 Ciceronis
807 688 1002 741 exemplis
1040 688 1232 727 illustrari
1268 694 1426 741 potest,
1464 688 1533 739 qui
1562 687 1626 727 vel
1662 687 1703 726 in
1734 701 1858 726 causa
1896 701 1945 726 ea
1980 701 2101 739 quam
2137 686 2308 738 primam

337 759 543 810 publicam
575 760 769 799 sustinuit
800 765 838 799 et
858 774 1051 812 magnum
1082 773 1304 811 aggressus
1335 758 1610 799 adversarium
1641 764 1681 798 et
1703 757 1847 798 acriter
1876 758 1916 797 in
1946 772 2086 811 pugna
2115 771 2139 797 a
2168 771 2212 797 se
2241 771 2304 797 re-

336 835 456 882 cepta
494 830 740 882 digladiatus
780 830 982 883 insignem
1021 829 1098 870 sibi
1137 836 1177 869 et
1214 829 1467 882 eloquentiae
1505 829 1665 870 laudem
1701 828 1871 882 peperit.
1928 828 1978 868 In
2006 828 2140 868 Taciti
2170 828 2304 868 verbis

335 901 376 939 id
406 915 530 940 unum
561 916 723 941 movere
754 901 1052 942 dubitationem
1090 902 1243 953 possit,
1285 901 1397 953 quod
1430 916 1593 955 puqnas
1629 901 1704 940 sibi
1738 902 1845 954 ipsae
1879 899 1998 950 dicit,
2038 913 2130 939 cum
2168 899 2304 952 potius

336 972 637 1025 exspectaveris
676 971 878 1013 dicturum
914 972 1040 1013 fuisse
1079 974 1150 1026 qui
1185 986 1348 1027 puqnas
1387 973 1463 1013 sibi
1497 974 1580 1027 ipse
1620 973 1888 1026 desumpserit,
1933 970 1974 1011 id
2014 970 2126 1024 quod
2164 971 2199 1010 is
2236 970 2305 1022 qui

334 1042 515 1082 codicem
546 1043 791 1083 Leidensem
828 1044 1009 1082 exaravit
1047 1056 1121 1082 suo
1157 1044 1340 1096 periculo
1381 1045 1557 1096 scripsit.
1619 1043 1702 1082 Sed
1736 1057 1811 1082 nos
1849 1048 1920 1081 aut
1956 1043 2065 1081 hunc
2100 1048 2305 1080 correcto-

332 1129 417 1153 rem
456 1116 571 1165 sequi
607 1121 676 1153 aut
712 1130 816 1166 quae
852 1121 1018 1154 nostrae
1056 1116 1202 1154 aetatis
1240 1115 1372 1155 doctis
1416 1116 1658 1167 placuerunt
1700 1115 1871 1167 probare
1915 1129 1997 1153 non
2035 1114 2132 1154 satis
2167 1119 2302 1154 tutum

333 1186 578 1226 arbitramur
617 1192 836 1239 propterea
873 1185 1003 1238 quod,
1041 1191 1086 1225 ut
1121 1186 1327 1227 mittamus
1366 1186 1488 1236 alios,
1530 1186 1570 1226 in
1607 1186 1695 1239 ipso
1733 1185 1911 1239 Dialogo
1950 1185 2083 1239 capite
2112 1196 2301 1235 xxxvm,

336 1259 407 1308 18,
448 1259 601 1298 nullius
630 1260 768 1311 mayni
795 1260 961 1298 oratoris
993 1258 1087 1298 liber
1115 1259 1226 1312 apud
1254 1260 1510 1298 centumviros
1540 1259 1668 1298 dicius
1698 1259 1838 1311 leyitur
1865 1259 2031 1311 exceptis
2060 1257 2302 1296 orationibus

335 1331 471 1370 Asinii
498 1345 599 1384 quae
623 1345 700 1383 pro
731 1330 929 1370 heredibus
965 1329 1152 1370 Urbiniae
1180 1331 1464 1380 inscribuntur,
1493 1329 1543 1369 ab
1572 1332 1656 1384 ipso
1687 1337 1816 1374 tamen
1845 1330 2026 1369 Pollione
2054 1330 2191 1369 mediis
2220 1330 2303 1369 divi

335 1402 510 1455 Auyusti
539 1401 772 1455 temporibus
801 1402 967 1451 habitae,
996 1416 1222 1454 pronomen
1252 1417 1334 1441 non
1356 1416 1428 1442 suo
1456 1402 1547 1440 loco
1578 1415 1731 1453 suaque
1761 1403 1892 1440 forma
1920 1402 2096 1453 positum
2117 1401 2301 1448 videtur3

334 1473 481 1524 quodsi
514 1473 618 1511 enim
649 1473 756 1512 hanc
787 1474 1027 1513 sententiam
1057 1473 1108 1512 ad
1139 1479 1369 1512 accuratam
1401 1473 1606 1525 cogitandi
1636 1473 1833 1512 rationem
1865 1472 2066 1526 exegeris,
2102 1474 2212 1525 ipaae
2241 1481 2299 1512 ta-

332 1559 420 1584 men
449 1561 474 1583 α
497 1546 676 1584 Pollione
707 1544 966 1585 scribendum
996 1546 1122 1585 fuisse
1153 1545 1460 1598 intelligetur-²³).
1506 1545 1699 1585 Extrema
1728 1545 1859 1585 oratio
1889 1558 2034 1585 manca
2063 1549 2138 1594 est,
2167 1558 2298 1597 neque

336 1616 414 1655 hoc
444 1616 588 1655 fefellit
617 1616 878 1669 interpretes,
909 1616 1069 1656 videtur
1099 1621 1234 1656 autem
1265 1617 1363 1656 satis
1394 1621 1519 1666 certo,
1557 1622 1650 1669 apte
1681 1616 1844 1668 quidem
1875 1621 1982 1655 certe
2012 1615 2191 1668 suppleri
2221 1615 2299 1654 hoc

336 1687 478 1726 inodo:
515 1701 684 1741 quorum
713 1702 757 1726 ea
786 1695 935 1726 natura
967 1696 1023 1727 est
1051 1695 1097 1726 ut
1123 1690 1251 1727 secum·
1287 1689 1489 1740 [spectare
1520 1689 1652 1727 aliena
1686 1688 1883 1740 pericula]
1919 1689 2053 1736 velint,
2093 1687 2177 1726 sive
2208 1688 2299 1738 quis

334 1759 469 1807 malet,
500 1773 581 1809 quo
612 1759 748 1810 paullo
780 1759 899 1797 ctiam
931 1760 1111 1810 apertior
1131 1759 1204 1797 fiat
1234 1773 1357 1797 causa
1380 1760 1540 1808 erroris,
1569 1773 1736 1812 quorum
1765 1774 1809 1798 ea
1830 1766 1978 1798 natura
2007 1766 2063 1797 eet
2090 1766 2134 1797 ut
2162 1773 2297 1798 secura

336 1830 537 1881 [spectare
575 1829 705 1867 aliena
739 1829 937 1881 pericula]
979 1831 1090 1876 velit3
1129 1835 1293 1881 poterat
1333 1830 1437 1868 enim
1474 1830 1575 1869 haec
1606 1831 1657 1868 ad
1687 1837 1876 1868 naturam
1906 1843 2066 1880 quoque
2097 1829 2299 1868 sententia

331 1899 652 1950 accommodari,
690 1900 803 1938 velut
841 1898 986 1938 Cicero
1025 1900 1170 1939 scribit
1207 1900 1257 1939 de
1294 1900 1477 1952 Legibus
1510 1902 1548 1949 2,
1583 1903 1646 1951 15,
1678 1901 1730 1940 38
1766 1901 1932 1940 canendi
1966 1914 2096 1949 sonos,
2133 1913 2299 1952 quorum

332 1973 412 2009 (lici
439 1973 505 2010 υιζι·
535 1978 665 2024 potest
692 1979 841 2024 quanta
872 1973 923 2010 sit
950 1973 1007 2010 vis
1042 1974 1085 2011 in
1115 1979 1323 2024 utramque
1356 1978 1533 2024 partem:
1571 1986 1742 2025 namque
1771 1979 1807 2011 et
1833 1973 1975 2011 incitat
2009 1973 2236 2024 lanquentes
2264 1978 2300 2010 et

333 2044 476 2096 lemque
502 2043 610 2093 facit
644 2044 847 2093 excitatos,
887 2049 927 2083 et
966 2043 1077 2095 quod
1114 2050 1263 2083 natura
1303 2049 1489 2096 spectare
1525 2043 1692 2094 dicitur,
1729 2057 1810 2083 non
1847 2042 2095 2083 dissimiliter
2129 2042 2296 2082 Tacitus

331 2127 545 2165 c.xxv111,
569 2116 622 2155 30
657 2116 818 2155 locutus
850 2122 923 2155 est.
985 2115 1069 2157 Sed
1105 2116 1275 2155 formam
1310 2116 1581 2169 supplementi
1613 2115 1795 2157 Senecae
1831 2120 2040 2168 acceptam
2074 2115 2298 2166 referimus,

331 2186 399 2237 qui
430 2187 487 2226 ita
516 2186 655 2226 scribit
685 2186 735 2227 de
766 2186 975 2227 beneficiis
1006 2188 1045 2236 4,
1069 2188 1134 2237 12,
1156 2188 1179 2226 2
1211 2188 1317 2227 abire
1345 2188 1388 2225 in
1412 2195 1568 2241 partem
1594 2188 1762 2227 alteram
1785 2188 1934 2241 possim
1964 2194 2001 2226 et
2027 2201 2185 2226 securus
2215 2201 2297 2240 spe-

333 2264 437 2296 ctare
465 2259 598 2297 aliena
627 2260 857 2297 certamina.
916 2257 1155 2309 Eodemque
1188 2257 1348 2297 Seneca
1376 2259 1417 2297 in
1447 2264 1682 2298 transcursu
1710 2264 1872 2298 utemur
1900 2258 2017 2308 duce,
2056 2264 2101 2297 ut
2130 2259 2296 2298 alterius

330 2329 408 2365 loci
441 2329 597 2366 hiatum
629 2330 696 2379 qui
726 2330 845 2368 nobis
867 2329 1029 2367 videtur
1051 2330 1300 2380 expleamus,
1331 2344 1364 2369 c.
1383 2343 1426 2378 x,
1444 2331 1494 2369 39
1518 2330 1650 2369 Sentio
1670 2331 1769 2382 quid
1787 2331 2012 2382 responderi
2032 2332 2177 2382 possit.-
2205 2331 2295 2369 hinc

329 2401 503 2451 inqentes
532 2402 690 2439 emtore
719 2415 917 2449 assensus,
954 2400 1046 2440 haec
1074 2401 1117 2439 in
1146 2402 1243 2453 ipsis
1273 2401 1481 2440 auditoriis
1512 2402 1721 2454 praecipue
1752 2402 1917 2440 laudari
1942 2408 1979 2440 et
2006 2414 2094 2440 moa:
2122 2401 2296 2440 omnium

519 2532 556 2577 *)
600 2532 644 2566 In
673 2532 911 2567 adnotatione
939 2532 1108 2566 addimus
1145 2534 1290 2578 peccari
1325 2533 1435 2567 etiam
1471 2534 1517 2567 ab
1545 2534 1590 2566 iis
1625 2534 1686 2578 qui
1716 2545 1745 2567 c.
1766 2544 1822 2576 111,
1847 2535 1891 2568 13
1924 2535 2015 2568 hanc
2042 2537 2130 2567 enim
2158 2540 2293 2578 trayoe-

330 2599 424 2631 diam
454 2599 615 2642 disposui
643 2600 713 2631 iam
742 2605 773 2631 et
800 2601 896 2632 ‘intra
922 2610 974 2631 me
1002 2600 1078 2642 ipse
1102 2600 1264 2642 formavi
1298 2611 1369 2632 non
1407 2598 1608 2633 tolerantes
1642 2601 1736 2633 intra
1763 2611 1815 2633 me
1842 2601 1956 2644 ipsum
1989 2598 2116 2644 reponi
2152 2598 2294 2641 iubent3

330 2662 427 2708 quod
457 2662 525 2697 etsi
555 2661 699 2707 vulgari
729 2674 796 2698 usu
825 2662 1035 2708 requiritur,
1065 2668 1186 2698 tamen
1217 2662 1338 2698 danda
1365 2668 1421 2697 est
1448 2662 1510 2697 illa
1536 2662 1687 2698 libertas
1715 2663 1900 2710 scriptori.
1943 2661 2085 2698 Contra
2105 2663 2296 2699 verissima

329 2732 416 2761 sunt
451 2726 750 2774 coniecturisque
784 2734 1066 2775 corrumpuntur
1099 2739 1191 2774 quae
1220 2739 1249 2762 c.
1273 2738 1354 2770 Χιν,
1386 2729 1428 2762 14
1466 2728 1605 2775 scripta
1638 2735 1722 2763 sunt
1758 2729 1794 2762 in
1828 2729 1932 2762 libris
1958 2726 2030 2762 ‘Me
2062 2726 2154 2763 vero'
2182 2732 2296 2774 inquit

325 2789 376 2826 ‘ec
405 2804 515 2826 sermo
544 2795 617 2838 ipse
644 2795 781 2839 infinita
809 2795 985 2839 voluptate
1013 2795 1202 2838 affecisset.-
1235 2794 1339 2839 utque
1366 2795 1405 2827 id
1430 2797 1546 2840 ipsum
1575 2795 1739 2837 delectat,
1773 2796 1869 2840 quod
1895 2807 1973 2836 vos,
2007 2797 2078 2829 viri
2109 2797 2231 2840 optimi
2264 2802 2295 2830 et

328 2863 519 2902 temporum
546 2864 746 2892 nostrorum
774 2866 931 2893 oratores
960 2885 967 2893 .
986 2885 993 2892 .
1010 2886 1018 2893 .
1051 2860 1222 2893 eiusmodi
1249 2861 1352 2892 etiam
1379 2859 1633 2903 disputationes
1660 2862 1851 2894 assumitis.
1899 2860 2077 2894 Messalla
2095 2860 2190 2894 enim
2212 2872 2293 2894 sero

328 2923 530 2957 adveniens
560 2935 744 2958 sermonem
775 2926 888 2969 ipsum
918 2925 988 2958 iam
1019 2923 1146 2958 audire
1175 2935 1246 2958 non
1277 2928 1410 2968 potest,
1439 2923 1503 2957 sed
1524 2930 1773 2969 argumentum
1800 2930 1939 2959 tant-um
1961 2926 2154 2968 sermonis,
2182 2931 2293 2970 atquo

326 2987 365 3019 »id
398 2989 512 3032 ipsum
555 2988 623 3021 sibi
667 2988 811 3033 placere
845 2990 1038 3035 profitetur
1071 2988 1168 3034 quod
1214 2988 1266 3022 illi
1308 2988 1398 3021 talia
1438 2999 1587 3033 quoque.
1621 2989 1844 3034 disputando
1886 2990 2038 3034 exsequi
2079 3001 2152 3023 non
2193 2989 2292 3023 dedi-

325 3058 492 3096 guentur.
