2606 3551
1284 275 1309 317 9

324 397 487 440 dubitat
505 397 696 439 Vaticani
726 397 877 439 codicis
907 412 1009 439 esse.
1070 397 1155 440 Sed
1184 403 1291 439 esto:
1331 413 1461 451 neque
1499 399 1603 438 enim
1637 398 1715 439 hoc
1751 399 2007 452 potissimum
2044 399 2278 454 agebamus,

327 483 464 507 verum
495 470 537 507 in
568 470 756 509 extremis
776 470 910 509 verbis
940 484 1059 522 aegre
1088 471 1313 509 ferebamus
1344 471 1548 508 contemni
1577 471 1627 508 ab
1658 470 1882 509 editoribus
1913 472 2137 523 apographi
2168 472 2279 522 quod

326 540 523 591 optimum
560 540 734 581 diximus
769 541 1046 581 testimonium
1084 541 1364 581 certissimum.
1422 541 1530 580 Nam
1559 541 1628 580 illa
1656 543 1758 580 sieut
1784 544 1915 581 omnia
1948 543 2032 580 alia
2064 550 2282 594 pacaverat

324 625 429 662 quae
465 612 586 652 hodie
615 613 834 665 vulgantur
870 613 1109 653 Farnesiani
1139 613 1291 653 codicis
1328 618 1443 662 sunt,
1481 612 1599 653 testis
1634 618 1680 652 ut
1715 627 1836 664 saepe
1868 614 2002 666 specie
2033 613 2279 654 blandientis

323 682 381 721 ita
409 682 610 722 sublestae
639 683 878 736 plerumque
907 683 1016 734 fidei,
1047 688 1087 723 et
1115 697 1223 723 nunc
1243 682 1406 735 quidem
1433 683 1691 736 perspicuum
1712 683 1874 722 videtur
1893 698 1983 723 eum
2005 683 2147 723 offerre
2169 684 2280 736 quod

325 754 565 792 correctoris
604 754 809 807 ingenium
839 754 1000 804 deceat,
1037 760 1215 793 veterem
1245 755 1484 806 scripturam
1514 768 1637 791 unum
1669 767 1827 792 servare
1849 755 2116 803 Vaticanum,
2154 757 2281 806 ipsam

324 838 476 877 quoque
504 826 763 878 eloquentiam
792 827 894 865 sicut
919 827 1052 865 omnia
1081 827 1351 879 depacaverat.
1410 825 1518 865 Nam
1547 826 1631 864 alia
1667 831 1828 877 poterat
1862 825 1961 864 illud
1997 825 2158 877 quidem
2191 840 2280 864 cor-

324 896 469 934 rectori
498 910 580 935 non
609 897 728 936 nimis
757 897 950 949 prudenti
980 896 1209 936 addendum
1240 897 1382 946 videri,
1416 902 1462 935 ut
1491 897 1639 936 nostris
1669 896 1892 936 editoribus
1923 897 2149 949 decipiente
2180 897 2281 936 Far-

325 966 481 1006 nesiani
509 967 602 1007 libri
633 968 874 1008 auctoritate
904 969 1035 1008 visum
1066 973 1147 1008 est:
1187 982 1261 1008 nos
1291 981 1485 1021 negamus
1515 968 1676 1020 requiri,
1711 968 1832 1006 immo
1863 967 2004 1007 melius
2035 974 2076 1007 et
2105 967 2157 1007 ad
2188 983 2280 1008 sen—

324 1038 476 1077 tentiae
496 1038 578 1078 vim
606 1040 743 1080 utilius
773 1041 928 1080 abesse.
979 1040 1164 1079 Firmant
1193 1039 1384 1079 iudicium
1416 1039 1613 1091 exempla,
1645 1054 1747 1090 quae
1778 1039 1910 1078 afferri
1939 1040 2066 1079 multa
2095 1047 2280 1092 possunt,

325 1109 398 1148 sed
434 1110 530 1150 satis
563 1110 615 1150 sit
643 1125 789 1162 unum,
825 1111 1027 1161 Petronii,
1066 1111 1135 1162 qui
1173 1111 1293 1164 plane
1324 1110 1491 1150 eandem
1522 1111 1564 1148 in
1593 1110 1788 1149 rationem
1820 1111 1959 1149 scribit
1989 1125 2023 1149 c.
2046 1113 2071 1149 4
2102 1114 2280 1163 primuni

325 1182 427 1220 enim
456 1184 557 1220 sicut
584 1184 715 1221 omnia
751 1197 835 1235 spes
869 1197 1020 1235 quoque
1048 1198 1141 1221 suas
1171 1183 1372 1221 ambitioni
1400 1184 1558 1221 donant.
1620 1181 1703 1221 Sed
1733 1184 1922 1234 clepacare
1958 1183 2067 1221 nullo
2104 1184 2279 1234 probare

326 1252 510 1305 exemplo
540 1267 771 1305 possumus,
807 1268 937 1306 neque
966 1260 1099 1294 tamen
1129 1253 1280 1293 idcirco
1310 1253 1576 1293 destituemus
1607 1258 1676 1292 aut
1705 1253 1740 1292 F
1744 1253 1955 1292 arnesiano
1986 1252 2130 1303 codici,
2161 1268 2278 1305 quem

325 1323 446 1363 modo
475 1324 658 1363 fallacem
679 1324 1032 1377 deprehendimus,
1054 1333 1272 1378 pacaverat
1298 1324 1528 1364 restituenti
1558 1323 1809 1364 accedemus.
1855 1324 1962 1363 Nam
1993 1330 2033 1364 et
2062 1331 2169 1364 recte
2199 1328 2279 1365 sor-

325 1400 477 1433 matum
506 1395 674 1433 verbum
704 1400 768 1434 est
796 1400 838 1434 et
866 1396 1052 1448 analogia
1080 1395 1244 1434 fulcitur
1272 1395 1509 1443 multorum,
1546 1395 1776 1443 demulcere,
1815 1396 1997 1442 delinire,
2038 1397 2277 1448 demitti-(sare,

326 1467 535 1516 delassare,
565 1480 640 1505 nec
660 1466 834 1518 denique
863 1467 983 1505 huius
1003 1467 1130 1506 libelli
1150 1467 1326 1505 sermoni
1346 1466 1494 1505 desunt
1524 1480 1626 1516 quae
1647 1481 1721 1504 nos
1742 1480 1823 1504 non
1853 1480 2068 1517 possumus
2099 1468 2176 1506 nisi
2206 1483 2279 1519 pro

325 1537 600 1590 singularibus
620 1537 785 1588 habere,
814 1537 925 1577 velut
946 1539 1183 1591 planitatem
1212 1552 1285 1590 pro
1306 1537 1595 1590 perspicuitate
1616 1543 1777 1588 praeter
1798 1537 1906 1576 hunc
1929 1538 2167 1589 scriptorem
2190 1540 2280 1590 quis

326 1608 473 1649 dixerit
493 1610 709 1650 nescimus.
754 1610 966 1663 Pergimus
996 1610 1241 1663 patrocinari
1272 1609 1600 1662 apographorum
1626 1608 1732 1648 fidei.
1778 1608 1942 1648 Etenim
1963 1610 2094 1661 capite
2111 1623 2280 1659 xxxvn,

326 1681 375 1719 41
400 1679 499 1721 haec
519 1679 761 1721 exhibentur
781 1681 822 1720 in
842 1681 976 1722 libris:
1013 1680 1107 1731 Quis
1134 1681 1293 1734 iquorat
1320 1681 1459 1719 utilius
1487 1694 1535 1720 ac
1555 1680 1692 1719 melius
1714 1694 1790 1719 esse
1808 1679 1901 1729 frui
1921 1694 2022 1733 paee
2043 1695 2162 1734 quam
2186 1682 2279 1720 lullo

325 1744 484 1791 vexari?
505 1754 641 1804 plures
664 1760 791 1792 tamen
812 1754 928 1792 bonos
950 1754 1202 1805 proeliatores
1222 1753 1322 1791 bella
1342 1767 1462 1805 quam
1475 1767 1562 1804 paa-
1580 1752 1732 1802 fi’runt.
1779 1754 1915 1791 similis
1935 1754 2170 1805 eloquentiae
2190 1768 2279 1792 con-

325 1824 437 1863 dicio.
481 1838 574 1863 nam
603 1838 678 1877 quo
699 1825 856 1876 saepius
876 1826 1020 1863 steterit
1050 1831 1251 1878 tamquam
1279 1825 1323 1863 in
1343 1825 1427 1864 acie
1455 1837 1605 1877 quoque
1627 1824 1764 1876 plures
1793 1830 1828 1862 et
1847 1824 2025 1863 intulerit
2046 1826 2143 1863 ictus
2164 1832 2199 1863 et
2217 1839 2279 1863 ez·-

325 1895 477 1946 ceperit,
508 1908 583 1947 quo
603 1896 731 1934 maior
749 1895 1002 1934 adversarius
1030 1902 1067 1934 et
1085 1896 1214 1934 acrior
1232 1896 1303 1947 qui
1323 1908 1487 1947 puqnas
1515 1894 1593 1933 sibi
1608 1896 1715 1947 ipsas
1736 1894 1999 1947 desumpserit,
2034 1902 2140 1934 tanto
2162 1897 2279 1934 altior

325 1972 361 2003 et
378 1966 571 2014 excelsior,
601 1973 638 2005 et
664 1967 746 2005 illis
777 1966 1234 2006 nobilitatuscriminibus
1260 1967 1304 2005 in
1324 1980 1388 2005 ore
1407 1966 1601 2005 bominum
1620 1967 1706 2018 aqit
1732 1980 1898 2017 quorum
1918 1980 1962 2004 eci
1985 1975 2131 2005 natura
2153 1975 2207 2006 est
2237 1976 2280 2006 ut

325 2049 461 2077 secura
489 2037 618 2077 velint.
671 2035 786 2088 Quae
817 2037 964 2089 quibus
994 2042 1144 2090 quotve
1174 2036 1306 2077 modis
1336 2036 1635 2076 demutaverint
1664 2036 1792 2075 critici
1823 2050 2009 2076 enarrare
2041 2039 2279 2091 supersede-

325 2122 434 2148 mus:
472 2107 767 2160 proficiscimur
796 2108 847 2148 ab
878 2123 926 2147 ea
953 2114 1068 2160 parte
1099 2122 1180 2160 qua
1210 2114 1319 2147 certe
1355 2113 1569 2159 peccatum
1600 2113 1661 2147 est
1691 2122 1714 2146 a
1742 2108 1935 2147 librariis:
1973 2110 2279 2148 nobilitatuserz'-

324 2179 507 2217 minibus.
567 2178 676 2217 Hinc
705 2179 872 2230 Lipsius
907 2179 1015 2218 felici
1051 2179 1284 2218 coniectura
1312 2179 1600 2217 discriminibus
1641 2179 1869 2226 suscitavit3
1909 2179 1957 2217 de
1996 2180 2161 2230 reliquis
2197 2181 2279 2220 dis-

326 2249 478 2289 cedunt
506 2248 696 2299 editores,
735 2263 906 2301 quorum
935 2264 1030 2302 pars
1060 2250 1265 2289 nobilitata
1296 2250 1596 2298 discriminibus,
1639 2249 1704 2288 alii
1734 2250 1960 2288 nobilitatus
1991 2251 2280 2291 discriminibus

325 2321 555 2360 restituunt.
614 2320 703 2360 Nos
733 2320 813 2361 illis
843 2321 1042 2360 calculum
1074 2320 1306 2371 adiicimus,
1350 2320 1460 2372 quod
1497 2321 1670 2373 primum
1703 2321 1954 2372 corruptelae
1993 2322 2094 2361 ratio
2126 2323 2278 2363 suadet.

329 2391 493 2445 Quippe
521 2392 686 2432 nobilita
714 2406 788 2445 pro
817 2392 1020 2432 nobilitata
1051 2392 1218 2445 scripto,
1247 2393 1297 2432 ab
1329 2392 1408 2431 hoc
1439 2406 1574 2432 errore
1599 2392 1754 2445 vulgari
1783 2392 1932 2431 factum
1965 2400 2039 2443 est,
2070 2400 2115 2432 ut
2144 2395 2280 2432 nobill-

329 2464 658 2502 tadiscriminibus
690 2463 853 2516 syllabis
882 2477 1007 2516 prave
1028 2463 1202 2502 diductis
1224 2463 1353 2502 abiret
1382 2464 1423 2501 in
1445 2463 1487 2501 id
1508 2463 1617 2514 quod
1640 2464 1876 2515 apographa
1897 2466 2111 2515 occupavit
2144 2466 2281 2503 nobili-

328 2536 674 2573 tatuscriminibus.
733 2535 893 2573 Deinde
931 2535 1156 2573 sententiae
1200 2536 1257 2573 sic
1301 2535 1444 2573 melius
1483 2535 1718 2573 consulitur.
1777 2535 1843 2573 Ab
1881 2536 2136 2585 eloquentiae
2175 2538 2277 2574 enini

330 2605 638 2646 condicionibus
675 2619 767 2645 orsa
801 2610 864 2645 est
899 2606 1050 2655 oratio,
1087 2619 1135 2644 ac
1170 2605 1264 2644 licet
1303 2605 1513 2657 superiora
1549 2619 1622 2658 quo
1652 2607 1805 2657 saepius
1834 2609 1977 2644 steterit
2007 2614 2204 2659 tamquam
2237 2611 2277 2646 in

328 2678 410 2716 acie
437 2691 589 2730 quoque
611 2678 751 2730 plures
779 2684 815 2716 et
842 2677 1021 2716 rintulerit
1048 2678 1147 2716 ictus
1176 2683 1213 2715 et
1236 2678 1420 2729 exceperit
1448 2676 1608 2728 possint
1636 2676 1703 2714 illa
1724 2675 1887 2727 quidem
1908 2677 2027 2715 etiam
2050 2677 2097 2716 de
2120 2685 2278 2717 oratore

330 2748 478 2800 accipi,
513 2749 700 2800 proxima
738 2755 845 2788 tanto
874 2749 992 2788 altior
1019 2755 1056 2787 et
1081 2749 1262 2788 excelsior
1291 2749 1381 2799 (est)
1419 2748 1497 2787 nisi
1535 2747 1586 2789 ad
1616 2747 1883 2798 eloquentiam
1919 2762 1999 2786 non
2030 2755 2121 2800 apte
2151 2751 2279 2801 appli-

329 2824 490 2866 cantur3
520 2832 652 2869 neque
682 2819 777 2858 huic
805 2820 911 2871 parti
940 2819 1163 2859 sententiae
1193 2818 1449 2858 satisfaciunt
1477 2818 1545 2868 qui
1567 2818 1791 2856 nobilitatus
1816 2818 2048 2867 retinentes,
2079 2826 2124 2856 ut
2145 2822 2280 2858 omnia

330 2888 382 2928 ad
412 2894 615 2928 oratorem
652 2890 894 2941 referantur,
931 2891 971 2929 in
1002 2889 1278 2942 superioribus
1308 2894 1378 2928 aut
1406 2889 1570 2927 oratoris
1599 2902 1745 2927 nomen
1783 2894 1852 2926 aut
1888 2888 1995 2927 aliud
2033 2904 2112 2940 quo
2144 2897 2279 2929 orator

331 2960 580 3013 significetur
616 2960 845 3000 addendum
883 2975 971 3001 esse
1009 2962 1242 3014 opinantur:
1279 2960 1320 2998 id
1357 2959 1467 3011 quod
1502 2959 1620 2998 nobis
1659 2974 1706 2996 eo
1738 2973 1898 3010 quoque
1932 2961 2091 2998 nomine
2129 2962 2278 3013 impro-

330 3032 461 3082 batur,
492 3032 587 3082 quia
616 3032 761 3071 rationi
792 3039 1105 3073 consentaneum
1137 3039 1211 3083 est,
1241 3032 1492 3072 manifestum
1523 3046 1696 3069 errorem
1728 3032 1870 3084 corrigi
1902 3032 1972 3081 ita,
2008 3046 2088 3071 una
2118 3039 2159 3072 ut
2192 3047 2280 3071 eor-

1966 3107 1990 3138 ζ).
